<html class="no-js u-disableScroll simplified-header-show" lang="en"><!--<![endif]--><head><script type="text/javascript" async="" src="https://www.googleadservices.com/pagead/conversion_async.js"></script><script type="text/javascript" async="" src="https://www.googleadservices.com/pagead/conversion_async.js"></script><script type="text/javascript" async="" src="https://www.googletagmanager.com/gtag/js?id=DC-6222457&amp;l=dataLayer&amp;cx=c"></script><script type="text/javascript" async="" src="https://www.googletagmanager.com/gtag/js?id=AW-1006251844&amp;l=dataLayer&amp;cx=c"></script><script type="text/javascript" async="" src="https://www.googletagmanager.com/gtag/js?id=DC-6835277&amp;l=dataLayer&amp;cx=c"></script><script type="text/javascript" async="" src="https://www.googletagmanager.com/gtag/js?id=AW-853020527&amp;l=dataLayer&amp;cx=c"></script><script type="text/javascript" async="" src="https://www.googleadservices.com/pagead/conversion_async.js"></script><script async="" src="https://s.pinimg.com/ct/lib/main.2424edb5.js"></script><script src="https://www.googletagservices.com/activeview/js/current/osd.js?cb=%2Fr20100101"></script><script type="text/javascript" async="" src="https://www.google-analytics.com/plugins/ua/ec.js"></script><script async="" src="https://sc-static.net/scevent.min.js"></script><script async="" src="https://s.pinimg.com/ct/core.js"></script><script src="//bat.bing.com/bat.js" async=""></script><script async="" src="https://sb.scorecardresearch.com/beacon.js"></script> <meta charset="utf-8"> <meta http-equiv="Content-Security-Policy" content="upgrade-insecure-requests"><link href="//assets.adobedtm.com" rel="dns-prefetch"><link href="//fonts.googleapis.com" rel="dns-prefetch"> <script src="https://connect.facebook.net/signals/config/1694855677400737?v=2.9.29&amp;r=stable" async=""></script><script async="" src="//connect.facebook.net/en_US/fbevents.js"></script><script type="text/javascript" async="" src="//maps.googleapis.com/maps/api/js?language=en&amp;region=ca&amp;client=gme-walmartcanada&amp;callback=__async_req_1__"></script><script id="tilegenjs" defer="" src="https://i.walmartimages.ca/scripts/CSS/tilegen.min.js"></script><script src="https://apm-mobile.walmart.com:443/jstag/managed/ruxitagent_A27SVfqrux_10185200219132536.js" defer="true" id="dtjsagent" crossorigin="anonymous"></script><script type="text/javascript" src="/assets/javascripts/app/lib/eb95f907cf9418f4d6a83f01ed286b06-dynatrace-prod.js"></script> <link rel="dns-prefetch" href="//fonts.gstatic.com/">  <script>document.cookie="headerType=grocery; Path=/";</script> <script>
    "use strict";

    var walmart = walmart || {};
    walmart.pna = walmart.pna || {};
    walmart.pna.availabilityReqs = walmart.pna.availabilityReqs || {};

    window.onAvailability = window.onAvailability || {};

    var fullCookie = document.cookie;
    var fullCookieArray = document.cookie.split(";");
    var pnaStoreName = (fullCookie.indexOf("preferredstore") !== -1) ? "preferredstore" : "defaultNearestStoreId";
    var pnaStoreId = fullCookieArray.filter(function(cookie) {
        return cookie.indexOf(pnaStoreName) !== -1;
    }).map(function(cookie) {
        return cookie.split("=")[1];
    });

    function waitFor(id, http){
        if (typeof window.onAvailability !== "function"){
            setTimeout(function(){ waitFor.call(this, id, http); }, 200);
        } else {
            window.onAvailability(id, http);
        }
    }

    function makePnAHeadRequest(id ,data, isPip){
        data.stores = pnaStoreId;
        data.origin = "browse";

        var http = new XMLHttpRequest();
        var lang = "en"||"en";
        var url = "/ws/" + lang + "/products/availability" + (!!isPip ? "-pip" : "");

        http.open("POST", url, true);
        http.setRequestHeader("Content-type", "application/json");
        http.setRequestHeader("Accept", "application/json, text/javascript, */*; q=0.01");
        http.setRequestHeader("X-Requested-With", "XMLHttpRequest");
        http.send(JSON.stringify(data));

        walmart.pna.availabilityReqs[id] = http;
        waitFor(id, http);
    }
</script> <script>
	(function() {
		makePnAHeadRequest("rlc-7eedc859", {"stores":[""], "products":{"6000201423066":[{"sku":"6000201423067","upc":[]}],"6000201233923":[{"sku":"6000201233924","upc":[]}],"19177":[{"sku":"19178","upc":[]}],"6000195508948":[{"sku":"6000195508949","upc":[]}],"6000199838553":[{"sku":"6000199838554","upc":[]}],"6000001843812":[{"sku":"10286906","upc":[]}],"6000001843797":[{"sku":"10287483","upc":[]}],"6000075688886":[{"sku":"10183990","upc":[]}],"6000100601594":[{"sku":"10221381","upc":[]}],"6000056691102":[{"sku":"10152910","upc":[]}],"6000100070546":[{"sku":"10220526","upc":[]}],"6000001848205":[{"sku":"10287269","upc":[]}],"6000201734274":[{"sku":"6000201734275","upc":[]}],"6000201734398":[{"sku":"6000201734399","upc":[]}],"6000001850463":[{"sku":"10054562","upc":[]}],"6000069571541":[{"sku":"10171377","upc":[]}],"6000016935598":[{"sku":"206399","upc":[]}],"6000201234475":[{"sku":"6000201234476","upc":[]}],"6000001848204":[{"sku":"10287296","upc":[]}],"6000001849020":[{"sku":"10286933","upc":[]}],"6000091056750":[{"sku":"10207024","upc":[]}],"6000023483943":[{"sku":"10052944","upc":[]}],"6000001848203":[{"sku":"10287243","upc":[]}],"6000198861640":[{"sku":"6000198861641","upc":[]}],"6000075688975":[{"sku":"10183863","upc":[]}],"6000161803982":[{"sku":"10313753","upc":[]}],"6000001843486":[{"sku":"10286810","upc":[]}],"6000066827536":[{"sku":"10165982","upc":[]}],"6000023804492":[{"sku":"10053807","upc":[]}],"6000001843132":[{"sku":"206001","upc":[]}],"6000079800063":[{"sku":"10189652","upc":[]}],"6000074943667":[{"sku":"10182441","upc":[]}],"6000196397989":[{"sku":"6000196397990","upc":[]}],"6000023803917":[{"sku":"10054933","upc":[]}],"6000198628470":[{"sku":"6000198628471","upc":[]}],"6000201734277":[{"sku":"6000201734278","upc":[]}],"6000201085803":[{"sku":"6000201085804","upc":[]}],"6000075688855":[{"sku":"10183930","upc":[]}],"6000001843865":[{"sku":"10287021","upc":[]}],"6000001843483":[{"sku":"10287035","upc":[]}],"6000074943776":[{"sku":"10182375","upc":[]}],"6000079800122":[{"sku":"10189709","upc":[]}],"6000137479821":[{"sku":"10287650","upc":[]}],"6000191275454":[{"sku":"6000191275455","upc":[]}],"6000196210378":[{"sku":"6000196210379","upc":[]}],"6000196823232":[{"sku":"6000196823233","upc":[]}],"6000077654180":[{"sku":"10186812","upc":[]}],"6000194056994":[{"sku":"6000194056995","upc":[]}],"6000001843796":[{"sku":"10287613","upc":[]}],"6000016937326":[{"sku":"207065","upc":[]}],"6000075688907":[{"sku":"10183748","upc":[]}],"6000091056539":[{"sku":"10207134","upc":[]}],"6000196823899":[{"sku":"6000196823900","upc":[]}],"6000194034104":[{"sku":"6000194034105","upc":[]}],"6000056691117":[{"sku":"10153003","upc":[]}],"6000001843135":[{"sku":"10287007","upc":[]}],"6000201080227":[{"sku":"6000201080228","upc":[]}],"6000196397985":[{"sku":"6000196397986","upc":[]}],"6000201734271":[{"sku":"6000201734272","upc":[]}],"6000201080299":[{"sku":"6000201080300","upc":[]}]}}, ("browse" === "pip"));
	})();
</script> <script>



    /*
    User-timing api polyfill

    markUserTime('some event');

    Through your code to get measurements for when various activities complete.  It
    will also generate timeline events so you can see them in Chrome's dev tools.

    https://gist.github.com/pmeenan/5902672
    */
    (function(){
        var w = window,
            marks = [];
        w.performance || (w.performance = {});
        w.performance.now || (w.performance.now = performance.now || performance.webkitNow || performance.msNow || performance.mozNow);
        if (!w.performance.now){
            var s = window.startTime || (Date.now ? Date.now() : +(new Date()));
            if (w.performance.timing && w.performance.timing.navigationStart){
                s = performance.timing.navigationStart;
            }
            w.performance.now = function(){
                var n = Date.now ? Date.now() : +(new Date());
                return n-s;
            };
        }
        w.performance.mark || (w.performance.mark = w.performance.webkitMark ? w.performance.webkitMark : (function (l) {
            marks.push({'name':l,'entryType':'mark','startTime':w.performance.now(),'duration':0});
        }));
        w.performance.getEntriesByType || (w.performance.getEntriesByType = w.performance.webkitGetEntriesByType ? w.performance.webkitGetEntriesByType : (function (t) {
            return t == 'mark' ? marks : undefined;
        }));
    }());

    window.markUserTime = function(l) {
        if(window.performance.mark){
            window.performance.mark(l);
        }
        if (window.console && window.console.timeStamp){
            console.timeStamp(l);
        }
    };


	(function(){
		"use strict";
		window.startTime = Date.now ? Date.now() : +(new Date());
		window._bcq = window._bcq || [];
		window._tbq = window._tbq || [];

		
            _bcq.push(['_setOptions', {
                start_time : new Date().getTime(),
                bh: "beacon.pangaea.walmart.ca",
                bd: "beacon.walmart.ca"
            }]);

            var bContext = "";
            var bAction = "";
            var attrGroupData = [];

            
                bContext = "Browse";
                bAction = "BROWSE_VIEW";
                

            if (bContext && bAction) {
                var payload = ["_tagAction", bContext, bAction];

                if (attrGroupData.length > 0) {
                    payload.push(attrGroupData);
                }

                _bcq.push(payload);
            }
        

		
		var markTime = function(timerType, name){
			_tbq.push([timerType, { "name": name, "time": (new Date()).getTime() }]);
			if(window.markUserTime){
				window.markUserTime(timerType+"-"+name);
			}else if(window.performance && !!window.performance.mark){
				window.performance.mark(timerType+"-"+name);
				if (window.console && window.console.timeStamp){
					window.console.timeStamp(timerType+"-"+name);
				}
			}
		};


		
		window.tbHlp = {
			startTimer : function(name){					
				
				markTime("startTimer", name);
			},
			endTimer : function(name){
				
				markTime("endTimer", name);
			},
			tag : function(name){
				_tbq.push(["tag", name]);
			}
		};

		tbHlp.tag("userSegment-50percent");
		tbHlp.tag("features-ogRess");
		
		tbHlp.startTimer("headProcessing");
		tbHlp.startTimer("visuallyComplete");
	})()
</script> <script>tbHlp.startTimer("beaconProcessing");</script> <script async="" src="https://b.wal.co/beacon.js?bh=beacon.pangaea.walmart.ca&amp;bd=beacon.walmart.ca"></script> <script>tbHlp.endTimer("beaconProcessing");</script> <script>
		tbHlp.tag("pageType-browse");
		tbHlp.startTimer("stylesheetProcessing");
	</script>  <!-- **** PageType = |browse| **** -->  <script>tbHlp.endTimer("stylesheetProcessing");</script> <script>
	
	window.tmpJqFns = [];
	window.ensurejQuery = function(fn){
		if(window.jQuery){
			fn.call(window, window.jQuery);
		}else if(window.tmpJqFns){
			window.tmpJqFns.push(fn);
		}
	};
</script> <link rel="preconnect" href="https://www.walmart.ca"> <link rel="preconnect" href="https://b.wal.co"> <link rel="preconnect" href="https://beacon.walmart.ca"> <link rel="dns-prefetch" href="//www.google-analytics.com"> <link rel="dns-prefetch" href="//cdn.tt.omtrdc.net"> <link rel="dns-prefetch" href="//i.walmartimages.ca/"> <link rel="dns-prefetch" href="//a14.wal.co"> <link rel="dns-prefetch" href="//a10.wal.co"> <link rel="dns-prefetch" href="//a9.wal.co"> <link rel="dns-prefetch" href="//a7.wal.co"> <link rel="dns-prefetch" href="//i5.walmartimages.ca"> <link rel="dns-prefetch" href="//www.googleadservices.com"> <link rel="dns-prefetch" href="//media.richrelevance.com"> <link rel="dns-prefetch" href="//www.googletagservices.com"> <link rel="dns-prefetch" href="//recs.richrelevance.com"> <link rel="dns-prefetch" href="https://static.ordergroove.com"> <link rel="dns-prefetch" href="//ta.walmartimages.ca"> <link rel="dns-prefetch" href="//bazaarvoice.com"> <link rel="dns-prefetch" href="//maps.googleapis.com"> <link rel="dns-prefetch" href="//maps.gstatic.com"> <link rel="dns-prefetch" href="//csi.gstatic.com"> <script>tbHlp.startTimer("AdobeLaunchInit");</script> <script src="//assets.adobedtm.com/launch-EN2ca66c80e6be408d8fda836c718adf37.min.js" async=""></script> <script>tbHlp.endTimer("AdobeLaunchInit");</script> <!--[if lt IE 8]><script src="/assets/javascripts/global/lib/49ad52608e119b313df5dfb5e52627a2-json2.js"></script><![endif]--> <!-- condition to check if it is paginated page or not for seo--> <title>Shop Dairy &amp; Eggs Conveniently Online | Walmart Canada</title> <meta name="title" content="Shop Dairy &amp; Eggs Conveniently Online | Walmart Canada"> <meta name="description" content="Shop &amp; order your dairy &amp; eggs online at Walmart.ca - Canada's online grocery store, conveniently offering grocery pickup &amp; delivery near you!"> <link rel="alternate" hreflang="x-default" href="https://www.walmart.ca/en/grocery/dairy-eggs/N-3798"> <link rel="alternate" hreflang="en-ca" href="https://www.walmart.ca/en/grocery/dairy-eggs/N-3798"> <link rel="alternate" hreflang="fr-ca" href="https://www.walmart.ca/fr/epicerie/produits-laitiers-et-oeufs/N-3798"> <meta name="keywords" content=""> <meta name="viewport" content="width=device-width, initial-scale=1.0001, minimum-scale=1.0001, maximum-scale=1.0001, user-scalable=no"> <meta property="og:title" content="Shop Dairy &amp; Eggs Conveniently Online | Walmart Canada"> <meta property="og:url" content="https://www.walmart.ca/en/grocery/dairy-eggs/N-3798"> <meta property="og:site_name" content="Walmart.ca"> <meta property="og:description" content="Shop &amp; order your dairy &amp; eggs online at Walmart.ca - Canada's online grocery store, conveniently offering grocery pickup &amp; delivery near you!"> <meta property="og:locale" content="en_CA"> <meta property="og:locale:alternate" content="fr_CA"> <meta name="twitter:site" content="@WalmartCanada"> <meta name="twitter:card" content="summary_large_image"> <!-- Git SHA: 7126179 | Branch: release/20.11.1 | Break Point: Desktop | Device Dimensions: Not Set --> <link rel="canonical" data-automation="canonical-link" href="https://www.walmart.ca/en/grocery/dairy-eggs/N-3798"> <script>
			var walmart = walmart || {};

			walmart.lang = "en"||"en";
			walmart.context = {
				altLangLink: "/fr/epicerie/produits-laitiers-et-oeufs/N-3798",
				sliverModal: true,
				catId: "N-3798",
				catPageTrail: ["Grocery","Dairy & Eggs"],
				features: ["og","ress"],
				imageUrl: "//i5.walmartimages.ca/",
				isIE89: false,
				isMobileApp: false,
				isPulseLibrary: true,
				isStage: false,
				isPreview: false,
				DFPNetworkId: "10337976",
				keyPageType: "",
				locale:"en"||"en",
				ogBaseUrl: "https://static.ordergroove.com/af0a84f8847311e3b233bc764e1107f2",
				pageId: "",
				pageType: "browse",
				pageTypeDescriptor: "/browse",
				persistentCookieId: "walmart.id",
				productId: "",
				productSpec: {"brandEn":[],"brandFr":[]},
				ressBreakpoint: "d",
				richRelevanceUrl: "recs.richrelevance.com",
				searchTerms: "",
				siteExperience: "ghs",
				transUnionUrl: "https://tu.tuconline.com/WalmartOMNI/DCApp.aspx",
				transUnionChannel: "",
				userSegment: "50-percent",
				showBackToTopBtn: false,
				localizedPricingFeatureToggle: true,
				badgingFeatureToggle: true,
				seoPaginationOptimizationEnabled: true
			};
			walmart.assetVersion = "7126179";
			walmart.gitBranch = "release/20.11.1";
		</script> <script type="text/javascript" src="//www.googletagservices.com/tag/js/gpt.js" async="true"></script> <script>
            "use strict";

            // page details object from server
            var context = walmart.context = walmart.context || {};

            // deferred loading ads for certain pages (search and browse)
            var deferredAds = [];

            // object of ad objects by id (ad position), meant for deferred loading
            var deferredAdsList = {};

            // backfill googletag object
            var googletag = googletag || {};
            googletag.cmd = googletag.cmd || [];

            // page url style location for slot targeting
            var AD_LOCATION = getAdLocation();

            // reference object for ad definition information
            var adObjRef = {};

            /*
                The following polyfill for .matches() and .closest() is already included in
                polyfills-require.jquery.js, but needs to be duplicated here since this file
                renders before polyfills-require-jquery.js and we want to render this file first
                for performance considerations.
            */
            // IE9+ PollyFill for matches
            if (!Element.prototype.matches) {
                Element.prototype.matches = Element.prototype.msMatchesSelector || Element.prototype.webkitMatchesSelector;
            }

            // IE9+ PollyFill for closest. Finds closest parent element matching query.
            // https://developer.mozilla.org/en-US/docs/Web/API/Element/closest#Polyfill
            if (!Element.prototype.closest) {
                Element.prototype.closest = function(s) {
                    var el = this;
                    if (!document.documentElement.contains(el)) return null;
                    do {
                        if (el.matches(s)) return el;
                        el = el.parentElement || el.parentNode;
                    } while (el !== null && el.nodeType === 1); 
                    return null;
                };
            }

            // dfp ad callback
            googletag.cmd.push(function() {
                // slot iframe content loads
                googletag.pubads().addEventListener("slotOnload", function(e) {
                    var adObj = adObjRef[e.slot.getSlotElementId()];
                    
                    // hide loader animation
                    adObj.wrapper.classList.add("dfp-is-loaded");

                    // show/hide ad flag
                    // campaign id for "programmatic" ads - 2103520236
                    // these ads that will already have a ad flag passed by google.
                    if (adObj.data.adCallout && e.slot.getResponseInformation().campaignId != 2103520236) {
                        adObj.wrapper.classList.add("dfp-house-ad");
                    }
                });

                // slot markup has rendered successfully, before iframe content loads
                googletag.pubads().addEventListener("slotRenderEnded", function(e) {
                    var adObj = adObjRef[e.slot.getSlotElementId()];

                    // collapse ad if empty iframe. no "slotOnload" event in this case.
                    if(e.isEmpty) {
                        adObj.wrapper.classList.add("dfp-is-empty");
                    }
                        
                    // event.isEmpty denotes an empty iframe will be loaded
                    if(!e.isEmpty) {
                        // if ad is in a dfpMediaBanner then kill the mediabanners
                        var dfpMediaBanner = adObj.element.closest(".dfp-media-banner");
                        if(dfpMediaBanner) {
                            dfpMediaBanner.querySelectorAll(".media-banner").forEach(function(mbEl){
                                mbEl.classList.add("hide");
                            });
                        }
                    }
                });
            });

            // init page level dfp values and initialization
            googletag.cmd.push(function() {
                var pubads = googletag.pubads();
                var walmartId = document.cookie.replace(/(?:(?:^|.*;\s*)walmart\.id\s*\=\s*([^;]*).*$)|^.*$/, "$1");

                // page level targeting
                pubads.setTargeting('page', getPageTargeting());
                pubads.setTargeting('kw', context.searchTerms);
                pubads.setTargeting('walmartid', walmartId);
                pubads.enableAsyncRendering();
                pubads.enableLazyLoad({
                    fetchMarginPercent: 200,
                    renderMarginPercent: 150,
                    mobileScaling: 2.0
                });

                // enableServices can happen before or after slot definition, but must happen before slot display
                googletag.enableServices();
            });

            // contructs breadcrumb array for use in page and slot targeting
            function getCleanedBreadCrumbs(){
                var cleanRegex = new RegExp(/[\s(,{!$£%^&*().\/;'[\]})]+/g);
                
                return context.catPageTrail.map(function(cat){
                    return cat.toLowerCase().replace(cleanRegex, "-");
                });
            }
            
            // for deriving page level for setting page type in page targeting
            function getPageLevel() {
                switch(context.catPageTrail.length){
                    case 1:
                        return "L1";
                        break;
                    case 2:
                        return "L2";
                        break;
                    case 3:
                        return "L3";
                        break;
                    case 4:
                        return "L4";
                        break;
                    default:
                        return "";
                }
            }

            // restructure pageTypeDescriptor for page targeting
            function cleanedPTD(data) {
                if(data.indexOf("/") == 0) {
                    data = data.replace("/", "");
                }
                data = data.replace(/\//g, "-");
                return data;
            }
            
            // constructs page url style location for slot targeting
            function getAdLocation(){
                var shoppingExperience = "";
                switch (context.siteExperience){
                    case "gm":
                        shoppingExperience = "gm";
                        break;
                    case "ghs":
                        shoppingExperience = "grocery";
                        break;
                    default:
                        break;
                }

                var breadCrumbs = getCleanedBreadCrumbs().join("/");

                var adLocation = "/" + context.DFPNetworkId + "/" + context.locale + "/" + shoppingExperience;
                if(context.pageType == "search"){
                    adLocation += "/search";
                } else if(context.pageType == "pip"){
                    adLocation += "/" + breadCrumbs;
                } else if(context.pageType !== "my-account" || context.pageType !== "cart") {
                    if(context.pageType == "home") {
                        adLocation += "/homepage";
                    } else {
                        adLocation += "/" + breadCrumbs;
                    }
                }

                return adLocation;
            }
            
            // construct page level targeting array
            function getPageTargeting(){
                var keyPageTypes = "";
                var seoText = "";
                var cleanedBreadCrumbs = getCleanedBreadCrumbs();

                var pageType = context.pageType;
                if(context.pageType == "search"){
                    pageType = "search";
                } else if(context.pageType == "pip"){
                    pageType = "pip";
                    seoText = cleanedBreadCrumbs[0] || "";
                } else if(context.pageType !== "my-account" || context.pageType !== "cart") {
                    if(context.pageType == "home") {
                        pageType = "homepage";
                    } else {
                        seoText = cleanedBreadCrumbs[cleanedBreadCrumbs.length-1] || "";

                        if(context.catPageTrail.length !== 0){
                            pageType = getPageLevel();
                        }

                        if(walmart.context.keyPageType) {
                            keyPageTypes = context.keyPageType || pageType;
                        } else if(pageType == "flyer") {
                            keyPageTypes = pageType;
                        }
                    }
                }

                var wmtProdId = context.productSpec.itemId && context.productSpec.itemId.length && context.productSpec.itemId[0] ? context.productSpec.itemId[0] : "";
                var wmtProdBrand = "";
                if(context.locale == "en"){
                    wmtProdBrand = context.productSpec.brandEn[0] || "";
                } else {
                    wmtProdBrand = context.productSpec.brandFr[0] || "";
                }

                var pageTypeDescriptor = context.pageTypeDescriptor ? cleanedPTD(context.pageTypeDescriptor) : "";

                return [ // !!! This order is important !!!
                    seoText,
                    pageType,
                    pageTypeDescriptor,
                    wmtProdId,
                    wmtProdBrand,
                    keyPageTypes,
                ];
            }

            // displays an ad slot
            function displayDFPAd(adData) {
                var adLocation = AD_LOCATION;
                var foldLocation = adData.adFoldLocation ? adData.adFoldLocation : "BTF";
                var size = adData.adIsFluid ? [adData.adWidth] : [adData.adWidth, adData.adHeight];
                var containerWidthRange = adData.adMinViewportWidth + "-" + adData.adMaxViewportWidth;
                var positionTarget = adData.fullbleed ? [foldLocation, adData.cartridgeIndex, "fullbleed"] : [foldLocation, adData.cartridgeIndex];

                googletag.cmd.push(function() {
                    // slot definition
                    var slot = googletag.defineSlot(adLocation, size, adData.adPos)
                        .addService(googletag.pubads())
                        .setTargeting('position', positionTarget)
                        .setTargeting('cwr', containerWidthRange)
                        .setCollapseEmptyDiv(true, false);  // collapse if empty ad (empty iframe) response, and don't start collapsed (NOTE: 2nd param must be falsy when using .enableLazyLoad - https://developers.google.com/doubleclick-gpt/reference#googletag.PubAdsService_enableLazyLoad)

                    // set environment targeting
                    if(walmart.context.isStage) {
                        slot.setTargeting('env', 'preview');
                    }

                    // set endeca defined targeting
                    if(adData.targetName) {
                        slot.setTargeting('targetName', adData.targetName);
                    }

                    // display the slot ad, must happen after enableServices
                    googletag.display(adData.adPos);
                });
            }

            // can the ad fit in the grid zone
            function isAdWithinBounds(adEl, adData) {
                var zoneContainer = adEl.closest(".zone");
                var containerWidth = zoneContainer.clientWidth;

                return (adData && adData.adMinViewportWidth && adData.adMaxViewportWidth)
                    && (containerWidth >= adData.adMinViewportWidth)
                    && (containerWidth < adData.adMaxViewportWidth)
            }

            // should an ad load or be ignored
            function shouldAdLoad(adEl, adData){
                var isWithinBounds = isAdWithinBounds(adEl, adData);
                
                return (adData.fullBleed || isWithinBounds);
            }

            // init all deferred ads in deferredAds obj, search and browse pages
            function initDeferredAds() {
                deferredAds.forEach(function(ad) {
                    initDFPAd(ad);
                });
                window.deferredAds = [];
            }

            // init an array of ad ids (positions) that was previously deferred
            function initDeferredAdsList(adPositions) {
                adPositions.forEach(function(adPos) {
                    if(deferredAdsList[adPos]){
                        initDFPAd(deferredAdsList[adPos]);
                        delete(deferredAdsList[adPos]);
                    }
                });
            }

            // defers an ad obj to init later
            function deferDFPAd(adData) {
                var adEl = document.getElementById(adData.adPos);
                
                if(adEl) {
                    var shouldLoad = shouldAdLoad(adEl, adData);
                    if (!shouldLoad){
                        adEl.closest(".dfp-shrink-wrap").classList.add("dfp-is-empty");
                    }
                    deferredAds.push(adObj);
                }
            };

            // inits an ad obj
            function initDFPAd(adData) {
                var adEl = document.getElementById(adData.adPos);

                if(adEl) {
                    var shouldLoad = shouldAdLoad(adEl, adData);
                    var adWrapper = adEl.closest(".dfp-shrink-wrap");

                    if (!shouldLoad){
                        adWrapper.classList.add("dfp-is-empty");
                    }
                    
                    adObjRef[adData.adPos] = {
                        "data": adData,
                        "element": adEl,
                        "wrapper": adWrapper
                    }
                    
                    if(shouldLoad) {
                        displayDFPAd(adData);
                    }
                }
            };
    </script> <!--[if lt IE 10]><script>walmart.context.isIE89 = true;</script><![endif]--> <meta name="apple-mobile-web-app-capable" content="no"> <meta name="apple-mobile-web-app-title" content="Shop Walmart"> <meta name="application-name" content="Shop Walmart"> <link rel="apple-touch-icon" sizes="57x57" href="/assets/c7e563a5abba4035e07292589eb96b8f-apple-touch-icon-57x57.png"> <link rel="apple-touch-icon" sizes="60x60" href="/assets/8f612f4414716ff33d33992b35f708ee-apple-touch-icon-60x60.png"> <link rel="apple-touch-icon" sizes="72x72" href="/assets/cb2e28901b89ad19ae8013082f280c4c-apple-touch-icon-72x72.png"> <link rel="apple-touch-icon" sizes="76x76" href="/assets/2e24120dfe8bf62fa539a8f8872c4235-apple-touch-icon-76x76.png"> <link rel="apple-touch-icon" sizes="114x114" href="/assets/97f7667efd76421032f1eb6d617a7fbf-apple-touch-icon-114x114.png"> <link rel="apple-touch-icon" sizes="120x120" href="/assets/c1a8ce3e5efad335a20ecd4b58b459ae-apple-touch-icon-120x120.png"> <link rel="apple-touch-icon" sizes="144x144" href="/assets/fded5ac90ea240ecf736a523fcd2af45-apple-touch-icon-144x144.png"> <link rel="apple-touch-icon" sizes="152x152" href="/assets/625e312774a6d0b4d89ddb7706864088-apple-touch-icon-152x152.png"> <link rel="apple-touch-icon" sizes="180x180" href="/assets/721a2db7224b5ce0c7d5f09397466fac-apple-touch-icon-180x180.png"> <link rel="icon" type="image/png" sizes="192x192" 　href="/assets/377e7e9ec004032c4e04699ae464deac-android-chrome-192x192.png"> <link rel="manifest" href="/assets/686a9a3ad25d06659cb34c305f410562-home-screen-manifest-en.json"> <meta name="theme-color" content="#1267A4"> <link rel="icon" type="image/png" sizes="32x32" href="/assets/fbcde550d4974885f972bdeab1c01139-favicon-32x32.png"> <link rel="icon" type="image/png" sizes="16x16" href="/assets/9ad60ac6d275745591fc63e1357d41be-favicon-16x16.png"> <link rel="shortcut icon" href="/assets/5d367c70905045a361ce32696c5912b8-favicon.ico"> <script>window.walmart.template = "banana";</script> <!--[if lt IE 9]><script src="/assets/javascripts/global/lib/f6e033c3be2618b00c094e5bee1363c6-css3-mediaqueries.js"></script><![endif]--> <!-- Register the PerformanceObserver to track paint timing. -->
<script>
	if (typeof PerformanceObserver !== "undefined"){
		var observer = new PerformanceObserver(function(list){
			var entries = list.getEntries();
			for (var i = 0; i < entries.length; i++) {
				var entry = entries[i];
				var metricName = entry.name;
				var time = Math.round(entry.startTime + entry.duration);
			}
		});
		try {
			// 'paint' includes 'first-paint' and 'first-contentful-paint'
			observer.observe({entryTypes: ['paint']});
		}
		catch (error) {
			console.warn("PerformanceObserver error: ", error);
		};
	}
</script> <meta property="og:image" content="http://i5.walmartimages.ca/images/Large/924/227/6000197924227.jpg">
<meta property="og:image:secure_url" content="https://i5.walmartimages.ca/images/Large/924/227/6000197924227.jpg"> <script>
			tbHlp.endTimer("headProcessing");
			tbHlp.startTimer("bodyProcessing");
		</script> <script async="async" defer="defer" src="//a14.wal.co/capabilities.min.js"></script><link href="//fonts.googleapis.com/css?family=Roboto:400,500" rel="stylesheet" type="text/css"><link rel="stylesheet" media="all" href="/assets/css/96ba2b11f28fbf7fbd4cd86867fff6f0-global-d.min.css"><link rel="stylesheet" media="screen" href="/assets/css/03f5b9e01267340f0fd90169e0ab7389-shelfPages-d.min.css"><style>
    .category-tree.related-cat h3 span:first-child:before{background:none}
</style><style>
#banana-template .category-tile{
width: 17.6%;
}


@media (max-width: 959px) {
  #banana-template .category-tile{
  width: 29.6%;
 }
	#banana-template .category-tile:nth-of-type(4)  {
                 clear:left;
          }
          #banana-template .categoryTiles .tablet-only:nth-of-type(2)  {
                display:none;
          }

}
</style><style>
#rTulecE.tileGenV2_wrapper .tile div.imgtile_title{ text-align: center;}
#rTulecE.tileGenV2_wrapper .tile div{ background-color: #FFF; color: #333333;}
#rTulecE.tileGenV2_wrapper .tile article { background-size: contain!important;}

@media (max-width: 639px) {
#rTulecE.tileGenV2_wrapper {display: flex!important; flex-wrap: wrap!important; justify-content: center!important;}
#rTulecE.tileGenV2_wrapper .tile article { height: 130px!important;}
}
</style><style>
#rvkLqxf.tileGenV2_wrapper .tile div.imgtile_title{text-align: center;}
#rvkLqxf.tileGenV2_wrapper .tile div{background-color: #FFF; color: #1267a4;}
#rvkLqxf.tileGenV2_wrapper .tile article {background-size: contain!important; height:90px!important;}
#rvkLqxf.tileGenV2_wrapper .tile div.imgtile_title {padding:0!important;}
#rvkLqxf.tileGenV2_wrapper .tile div>span {color: #333!important;}
#rvkLqxf.tileGenV2_wrapper .desktop6 {flex-wrap:wrap; margin: 0;}

#magbox1 {justify-content: space-evenly; border: 1px solid #333; border-top: none; padding: 3rem 0% 0rem; margin: -2.4rem 0 3rem; text-align:center;}

@media (min-width:960px){
  #rvkLqxf.tileGenV2_wrapper {display:flex!important; justify-content:space-evenly;}
  #rvkLqxf.tileGenV2_wrapper .desktop6 {width:8%;}
}
@media (min-width:640px){
  #rvkLqxf.tileGenV2_wrapper article {max-height: 72px;}
}
@media (max-width: 639px) {
#rvkLqxf.tileGenV2_wrapper.mobile35 {width: 99.6%;}
#rvkLqxf.tileGenV2_wrapper.mobile35 article {height: 115px!important;}
#magbox1 {margin-top: -3.8rem;}
}
</style><style>
					.recordSpotlight .titleCartridge h2#title-rslc-d64e52c6:after {
						border-bottom: 1px solid #000000 !important;
					 }
					 .recordSpotlight .titleCartridge.noline h2#title-rslc-d64e52c6:after {
						 border-bottom: 0px solid #000000 !important;
					  }
				  </style><style>
#cust_slider_scrollbar::-webkit-scrollbar {height: 6px; background-color: #F5F5F5;}
#cust_slider_scrollbar::-webkit-scrollbar-thumb {background-color: #FBB728;}

#wrap .tileGenV2_wrapper .tile div.imgtile_title {padding:0!important;}
#wrap .tileGenV2_wrapper.oversized .tile article {background-size: contain!important;}

#wrap .tileGenV2_wrapper .tile.categoryTile  div>span {padding:0!important;}

@media (min-width:960px){#wrap .tileGenV2_wrapper.centered {display: flex!important; flex-wrap: wrap; justify-content: center;}}
@media (max-width: 639px) {
#wrap #main-wrap .tileGenV2_wrapper.mobile25 .tile article {height: 130px!important; background-size: 83%!important;}
#wrap #main-wrap .tileGenV2_wrapper.mobile35 .tile article {height: 100px!important; background-size: 100%!important;}
#wrap #main-wrap .tileGenV2_wrapper.mobile25 .tile, 
#wrap #main-wrap .tileGenV2_wrapper.mobile25 .tile:nth-of-type(2n), 
#wrap #main-wrap .tileGenV2_wrapper.mobile35 .tile, 
#wrap #main-wrap .tileGenV2_wrapper.mobile35 .tile:nth-of-type(3n) {flex: none!important; margin: 0 3% 0 0!important;}
#wrap #main-wrap .tileGenV2_wrapper.mobile25 .tile {width: 38%!important;}
#wrap #main-wrap .tileGenV2_wrapper.mobile35 .tile {width: 26%!important;}
#wrap #main-wrap .tileGenV2_wrapper .mobile3.tile, .tileGenV2_wrapper .mobile2.tile {margin-bottom:0!important;}
}
</style><style>
.recordSpotlight {border-top:none;}

.centeredText {float: none!important; margin: 0 auto!important; text-align: center; clear:both; position:relative;}

.centeredText>h1 {line-height:normal!important; font-size:26px; font-size:2.8rem; margin-bottom:0!important;}
.centeredText>h2 {line-height:normal!important; font-size:24px; font-size:2.4rem;}

.centeredText.marg-1-t:before {content:''; margin-top:1rem; display:block;}
.centeredText.marg-2-t:before {content:''; margin-top:2rem; display:block;}
.centeredText.marg-1-b:after {content:''; margin-bottom:1rem; display:block;}
.centeredText.marg-2-b:after {content:''; margin-bottom:2rem; display:block;}

.centeredText>h1,
.centeredText>h2 {margin-bottom: 0; float: none; padding-bottom: 10px; display: block!important;}
.centeredText>h1>span,
.centeredText>h2>span {color:#333; background-color: #fff; padding: 0 10px; z-index: 10; position: relative; display:inline-block;}
.centeredText h1:before,
.centeredText h2:before {content:''; display:block; margin-top:2rem;}
.centeredText h1:after,
.centeredText h2:after {border-bottom: 1px solid #333; content: ""; display: block; position: absolute; width: 100%; height: 100%; top:-50%; margin-top: -6px; z-index: 0;}

@media (max-width:639px){
.centeredText>h1>span,
.centeredText>h2>span {width:80%;}
}
</style><style>
@media (min-width:960px){
	.recordSpotlight.hookLogic.pnoDone .bx-viewport {height:500px!important;}
}
</style><style>
body.ghs-experience .badges #AutoSave.badge {display:none;}
</style><style>
@media (min-width:960px){
   body #simplified-header .nav-wrap-simplified li {padding-left:0;}
   body #simplified-header .nav-wrap-simplified h2 {width: 24.1%; position: relative; z-index: 99; padding-left: 1rem;}
   body #simplified-header .nav-wrap-simplified h2.active a:after {content: "\e609"; transform: rotate(90deg); display: inline-block;  position: absolute;  right: -11px; font-family: "walmartIcons"; font-style: normal;}
   body #simplified-header ul.arrow-blu li:before, 
   body #simplified-header ul.arrow-wht li:before {content:none;}
   body #simplified-header .link-list a {font-weight:500;}



   body.gm-experience #simplified-header .nav-wrap-simplified h2.active {background: #1A6EC1;}
   body.gm-experience #simplified-header .nav-wrap-simplified h2.active a {border:none; color: #fff;}
   body.gm-experience #simplified-header .nav-wrap-simplified h2.active a:after {color: #1A6EC1;}

   body.gm-experience #simplified-header .link-list > div > a:hover {color: #1A6EC1!important; text-decoration:underline!important;}
   body.gm-experience #simplified-header .link-list ul.arrow-blu a {color: #333!important; margin-bottom: 0.5rem;  font-weight:500;}
   body.gm-experience #simplified-header .link-list ul.arrow-blu a:hover {color: #333!important; text-decoration: underline!important;}

   body.ghs-experience #simplified-header .nav-wrap-simplified h2.active {background: #427D00;}
   body.ghs-experience #simplified-header .nav-wrap-simplified h2.active a {border:none; color: #fff;}
   body.ghs-experience #simplified-header .nav-wrap-simplified h2.active a:after {color: #427D00;}

   body.ghs-experience #simplified-header .link-list > div > a:hover {color: #427D00!important; text-decoration:underline!important;}
   body.ghs-experience #simplified-header .link-list ul.arrow-blu a {color: #333!important; margin-bottom: 0.5rem;  font-weight:500;}
   body.ghs-experience #simplified-header .link-list ul.arrow-blu a:hover {color: #333!important; text-decoration: underline!important;}
}
</style><style>
#wrap .recordSpotlight.brandSlider,
#wrap .CASDesc_bxslider {display:none!important;}

#custSlider {display: flex!important; flex-flow: row nowrap!important; overflow: scroll!important; overflow-y: hidden!important; margin: 1rem 0 2rem; padding-bottom: 2rem;}
#custSlider > a {width: 17.95%; flex: none; margin: 0; border: 1px solid #d3d3d3; display: flex; margin-right: 2rem;}
#custSlider > a:focus {outline-offset: -1px!important;}
@media (max-width:959px){
  #custSlider {padding:0;}
  #custSlider > a {width: 25%;}
}
@media (max-width:639px){
  #custSlider {padding:0;}
  #custSlider > a {width: 36%;}
}
</style><style type="text/css">
@media (max-width:939px){
    #CUS_WM_Holiday-Footer{
         margin-top:12px;
    }
}</style><style type="text/css">
#global-footer .wmCCard {
	background: url('//i.walmartimages.ca/img/global/footer/wm_creditcard_silver.jpg') no-repeat;
	width: 86px;
	height: 66px;
	list-style: none;
}
/*
#global-footer .column:nth-of-type(2) .link-list:nth-of-type(2) li:nth-of-type(2), 
#global-footer .column:nth-of-type(2) .link-list:nth-of-type(2) li:nth-of-type(3), 
#global-footer .column:nth-of-type(2) .link-list:nth-of-type(2) li:nth-of-type(4), 
#global-footer .column:nth-of-type(2) .link-list:nth-of-type(2) li:nth-of-type(5){margin-left: 15px;}
*/
</style><style>
.ghs-experience .view-details-btn.limited-stock .ribbon-arrow,
.ghs-experience .add-to-cart-btn.limited-stock .ribbon-arrow,
.ghs-experience .add-to-cart.limited-stock .ribbon-arrow {
    display: none;
}
</style><style type="text/css">
@media (max-width:939px){
    #mailing-address-footer{
         padding:12px 0;
    }
}</style><style type="text/css">
.footerEmailText {
	margin: 1rem 0 0 0;
	width: 93%;
	font-size: 1rem;
	line-height: 1.2rem;
	max-width: 248px;
}
.fr .footerEmailText {
	max-width: 290px;
}
.footerEmailText a {
	text-decoration: underline;
}
#newsletter-email {
	width: 63%!important;
}
#newsletter-button {
	min-width: 75px!important;
 
}</style><script type="text/javascript" src="https://beacon.walmart.ca/rum.js?mode=release&amp;bh=beacon.pangaea.walmart.ca&amp;bd=beacon.walmart.ca&amp;pv_id=f98de613-05a8-4bdd-8a48-1127117e3319" async=""></script><script src="https://securepubads.g.doubleclick.net/gpt/pubads_impl_2020111701.js?21068792" async=""></script><script src="https://www.google-analytics.com/analytics.js" async=""></script><script src="https://assets.adobedtm.com/extensions/EPbde2f7ca14e540399dcc1f8208860b7b/AppMeasurement.min.js" async=""></script><script src="https://assets.adobedtm.com/extensions/EPbde2f7ca14e540399dcc1f8208860b7b/AppMeasurement_Module_ActivityMap.min.js" async=""></script><link href="https://i.walmartimages.ca/scripts/CSS/tilegen_v2.1.min.css" rel="stylesheet" type="text/css" id="tilegencss"><script src="//gateway.foresee.com/sites/walmart-ca/production/gateway.min.js" type="text/javascript" async="true" data-vendor="fs" data-role="gateway"></script><script src="https://assets.adobedtm.com/30847013d771/1074dcdaea8c/a6eeb0bc4727/RCf62b5a39643a4097b01bbcc0a51a3059-source.min.js" async=""></script><script src="https://assets.adobedtm.com/30847013d771/1074dcdaea8c/a6eeb0bc4727/RC211625df8d894ff5b6c0c8cee5316684-source.min.js" async=""></script><script src="https://assets.adobedtm.com/30847013d771/1074dcdaea8c/a6eeb0bc4727/RC2a0cb3b9e4904e1086ffc7462ed7663a-source.min.js" async=""></script><script src="https://assets.adobedtm.com/30847013d771/1074dcdaea8c/a6eeb0bc4727/RC73eb8cee8de34d8380e5d711652a2c40-source.min.js" async=""></script><script src="https://assets.adobedtm.com/30847013d771/1074dcdaea8c/a6eeb0bc4727/RC4676c405a8dd4c259e82ba1028163cc7-source.min.js" async=""></script><script src="https://assets.adobedtm.com/30847013d771/1074dcdaea8c/a6eeb0bc4727/RC2b4992a22cb347ca8df186708e877a21-source.min.js" async=""></script><script src="https://assets.adobedtm.com/30847013d771/1074dcdaea8c/a6eeb0bc4727/RC91eeb71018614fb6b33fac71dad5bc83-source.min.js" async=""></script><script type="text/javascript" charset="utf-8" async="" data-requirecontext="_" data-requiremodule="checkout/utils/checkout-analytics" src="/assets/javascripts/./app/checkout/utils/checkout-analytics.js?v=7126179"></script><script type="text/javascript" charset="utf-8" async="" data-requirecontext="_" data-requiremodule="scheduled-shopping/services/scheduled-services" src="/assets/javascripts/./app/scheduled-shopping/services/scheduled-services.js?v=7126179"></script><script type="text/javascript" charset="utf-8" async="" data-requirecontext="_" data-requiremodule="scheduled-shopping/models/static-model" src="/assets/javascripts/./app/scheduled-shopping/models/static-model.js?v=7126179"></script><script type="text/javascript" charset="utf-8" async="" data-requirecontext="_" data-requiremodule="checkout/services/checkout-services" src="/assets/javascripts/./app/checkout/services/checkout-services.js?v=7126179"></script><script type="text/javascript" charset="utf-8" async="" data-requirecontext="_" data-requiremodule="checkout/utils/checkout-error-utils" src="/assets/javascripts/./app/checkout/utils/checkout-error-utils.js?v=7126179"></script><link rel="preload" href="https://adservice.google.ca/adsid/integrator.js?domain=www.walmart.ca" as="script"><script type="text/javascript" src="https://adservice.google.ca/adsid/integrator.js?domain=www.walmart.ca"></script><link rel="preload" href="https://adservice.google.com/adsid/integrator.js?domain=www.walmart.ca" as="script"><script type="text/javascript" src="https://adservice.google.com/adsid/integrator.js?domain=www.walmart.ca"></script><link rel="prefetch" href="https://afcc793fe10e85fe7a0b3b756ca07bf1.safeframe.googlesyndication.com/safeframe/1-0-37/html/container.html"><script type="text/javascript" charset="utf-8" async="" data-requirecontext="_" data-requiremodule="checkout/utils/get-time-stamp" src="/assets/javascripts/./app/checkout/utils/get-time-stamp.js?v=7126179"></script><script type="text/javascript" charset="utf-8" async="" data-requirecontext="_" data-requiremodule="//gateway.foresee.com/code/19.8.5/fs.utils.js" data-vendor="fs" src="//gateway.foresee.com/code/19.8.5/fs.utils.js"></script><script type="text/javascript" charset="utf-8" async="" data-requirecontext="_" data-requiremodule="//gateway.foresee.com/code/19.8.5/fs.trigger.js" data-vendor="fs" src="//gateway.foresee.com/code/19.8.5/fs.trigger.js"></script><script type="text/javascript" charset="utf-8" async="" data-requirecontext="_" data-requiremodule="global/experienceManager/cartridges/record-spotlight-carousel" src="/assets/javascripts/./global/experienceManager/cartridges/record-spotlight-carousel.js?v=7126179"></script><script type="text/javascript" charset="utf-8" async="" data-requirecontext="_" data-requiremodule="app/experienceManager/cartridges/persistent-cart" src="/assets/javascripts/./app/experienceManager/cartridges/persistent-cart.js?v=7126179"></script><script src="https://assets.adobedtm.com/30847013d771/1074dcdaea8c/a6eeb0bc4727/RC5e1b0ce719464553b998541478c561e2-source.min.js" async=""></script><script src="https://assets.adobedtm.com/30847013d771/1074dcdaea8c/a6eeb0bc4727/RC04373c6580d04dfc8f2742b7d3a36d5d-source.min.js" async=""></script><script type="text/javascript" charset="utf-8" async="" data-requirecontext="_" data-requiremodule="app/experienceManager/cartridges/guided-navigation" src="/assets/javascripts/./app/experienceManager/cartridges/guided-navigation.js?v=7126179"></script><script type="text/javascript" charset="utf-8" async="" data-requirecontext="_" data-requiremodule="app/guided-navigation/view-models/guided-navigation-view-model" src="/assets/javascripts/./app/guided-navigation/view-models/guided-navigation-view-model.js?v=7126179"></script><script type="text/javascript" charset="utf-8" async="" data-requirecontext="_" data-requiremodule="app/guided-navigation/static/filter-dietary-mapping" src="/assets/javascripts/./app/guided-navigation/static/filter-dietary-mapping.js?v=7126179"></script><script type="text/javascript" charset="utf-8" async="" data-requirecontext="_" data-requiremodule="app/guided-navigation/services/guided-navigation-services" src="/assets/javascripts/./app/guided-navigation/services/guided-navigation-services.js?v=7126179"></script><script type="text/javascript" charset="utf-8" async="" data-requirecontext="_" data-requiremodule="app/guided-navigation/models/refinement-model" src="/assets/javascripts/./app/guided-navigation/models/refinement-model.js?v=7126179"></script><script type="text/javascript" charset="utf-8" async="" data-requirecontext="_" data-requiremodule="app/guided-navigation/models/category-model" src="/assets/javascripts/./app/guided-navigation/models/category-model.js?v=7126179"></script><script type="text/javascript" charset="utf-8" async="" data-requirecontext="_" data-requiremodule="app/guided-navigation/models/refinement-item-model" src="/assets/javascripts/./app/guided-navigation/models/refinement-item-model.js?v=7126179"></script><script type="text/javascript" async="" src="//static.criteo.net/js/ld/abd.min.js"></script><script type="text/javascript" async="" src="//static.criteo.net/js/ld/ld.js"></script><script type="text/javascript" async="" src="//www.hlserve.com/Delivery/ClientPaths/Library/onetag.js?cid=176"></script><link type="text/css" rel="stylesheet" href="https://static.ordergroove.com/af0a84f8847311e3b233bc764e1107f2/css/offers.css"><script src="https://static.ordergroove.com/af0a84f8847311e3b233bc764e1107f2/offers/locale/en-us.js"></script><style>@-webkit-keyframes insQ_100 {  from {  outline: 1px solid transparent  } to {  outline: 0px solid transparent }  }
.og-offer { animation-duration: 0.001s; animation-name: insQ_100; -webkit-animation-duration: 0.001s; -webkit-animation-name: insQ_100;  } </style><a tabindex="-1" aria-hidden="true" href="/en/grocery/dairy-eggs/N-3798?_pxhc=1606002693904" rel="nofollow" target="_blank" style="width: 0px; height: 0px; font-size: 0px; line-height: 0;"></a><script src="https://googleads.g.doubleclick.net/pagead/viewthroughconversion/853020527/?random=1606002694604&amp;cv=9&amp;fst=1606002694604&amp;num=1&amp;bg=ffffff&amp;guid=ON&amp;resp=GooglemKTybQhCsO&amp;u_h=1440&amp;u_w=2560&amp;u_ah=1417&amp;u_aw=2560&amp;u_cd=24&amp;u_his=2&amp;u_tz=-420&amp;u_java=false&amp;u_nplug=3&amp;u_nmime=4&amp;gtm=2oab41&amp;sendb=1&amp;ig=1&amp;data=event%3Dgtag.config&amp;frm=0&amp;url=https%3A%2F%2Fwww.walmart.ca%2Fen%2Fgrocery%2Fdairy-eggs%2FN-3798&amp;ref=https%3A%2F%2Fwww.walmart.ca%2Fen%2Fgrocery%2Fdairy-eggs%2FN-3798&amp;tiba=Shop%20Dairy%20%26%20Eggs%20Conveniently%20Online%20%7C%20Walmart%20Canada&amp;hn=www.googleadservices.com&amp;async=1&amp;rfmt=3&amp;fmt=4"></script><script src="https://googleads.g.doubleclick.net/pagead/viewthroughconversion/1006251844/?random=1606002694607&amp;cv=9&amp;fst=1606002694607&amp;num=1&amp;bg=ffffff&amp;guid=ON&amp;resp=GooglemKTybQhCsO&amp;u_h=1440&amp;u_w=2560&amp;u_ah=1417&amp;u_aw=2560&amp;u_cd=24&amp;u_his=2&amp;u_tz=-420&amp;u_java=false&amp;u_nplug=3&amp;u_nmime=4&amp;gtm=2oab41&amp;sendb=1&amp;ig=1&amp;data=event%3Dgtag.config&amp;frm=0&amp;url=https%3A%2F%2Fwww.walmart.ca%2Fen%2Fgrocery%2Fdairy-eggs%2FN-3798&amp;ref=https%3A%2F%2Fwww.walmart.ca%2Fen%2Fgrocery%2Fdairy-eggs%2FN-3798&amp;tiba=Shop%20Dairy%20%26%20Eggs%20Conveniently%20Online%20%7C%20Walmart%20Canada&amp;hn=www.googleadservices.com&amp;async=1&amp;rfmt=3&amp;fmt=4"></script><script src="https://googleads.g.doubleclick.net/pagead/viewthroughconversion/981479961/?random=1606002694609&amp;cv=9&amp;fst=1606002694609&amp;num=1&amp;bg=ffffff&amp;guid=ON&amp;resp=GooglemKTybQhCsO&amp;u_h=1440&amp;u_w=2560&amp;u_ah=1417&amp;u_aw=2560&amp;u_cd=24&amp;u_his=2&amp;u_tz=-420&amp;u_java=false&amp;u_nplug=3&amp;u_nmime=4&amp;gtm=2oab41&amp;sendb=1&amp;ig=1&amp;data=event%3Dgtag.config&amp;frm=0&amp;url=https%3A%2F%2Fwww.walmart.ca%2Fen%2Fgrocery%2Fdairy-eggs%2FN-3798&amp;ref=https%3A%2F%2Fwww.walmart.ca%2Fen%2Fgrocery%2Fdairy-eggs%2FN-3798&amp;tiba=Shop%20Dairy%20%26%20Eggs%20Conveniently%20Online%20%7C%20Walmart%20Canada&amp;hn=www.googleadservices.com&amp;async=1&amp;rfmt=3&amp;fmt=4"></script><script src="https://assets.adobedtm.com/30847013d771/1074dcdaea8c/a6eeb0bc4727/RCce006a1f011d4ce188fffdc50844678d-source.min.js" async=""></script><script src="https://assets.adobedtm.com/30847013d771/1074dcdaea8c/a6eeb0bc4727/RC98c034cb12204523be5444021620fe18-source.min.js" async=""></script><script src="https://www.googleadservices.com/pagead/conversion/981479961/?random=1606002696110&amp;cv=9&amp;fst=1606002696110&amp;num=1&amp;label=PZGGCMf1yAcQmeSA1AM&amp;bg=ffffff&amp;guid=ON&amp;resp=GooglemKTybQhCsO&amp;u_h=1440&amp;u_w=2560&amp;u_ah=1417&amp;u_aw=2560&amp;u_cd=24&amp;u_his=2&amp;u_tz=-420&amp;u_java=false&amp;u_nplug=3&amp;u_nmime=4&amp;gtm=2oab41&amp;sendb=1&amp;ig=1&amp;data=event%3Dpage_view%3Baccount_type%3Dbasic%3Bremarketing_only%3D!0%3Becomm_prodid%3D19177%2C6000201423066%2C6000201233923%3Becomm_pagetype%3Dcategory%3Becomm_totalvalue%3D%3Becomm_category%3DGrocery&amp;frm=0&amp;url=https%3A%2F%2Fwww.walmart.ca%2Fen%2Fgrocery%2Fdairy-eggs%2FN-3798&amp;ref=https%3A%2F%2Fwww.walmart.ca%2Fen%2Fgrocery%2Fdairy-eggs%2FN-3798&amp;tiba=Shop%20Dairy%20%26%20Eggs%20Conveniently%20Online%20%7C%20Walmart%20Canada&amp;hn=www.googleadservices.com&amp;async=1&amp;rfmt=3&amp;fmt=4"></script><script src="https://googleads.g.doubleclick.net/pagead/viewthroughconversion/981479961/?random=1606002696115&amp;cv=9&amp;fst=1606002696115&amp;num=1&amp;bg=ffffff&amp;guid=ON&amp;resp=GooglemKTybQhCsO&amp;u_h=1440&amp;u_w=2560&amp;u_ah=1417&amp;u_aw=2560&amp;u_cd=24&amp;u_his=2&amp;u_tz=-420&amp;u_java=false&amp;u_nplug=3&amp;u_nmime=4&amp;gtm=2oab41&amp;sendb=1&amp;ig=1&amp;data=event%3Dpage_view%3Becomm_prodid%3D19177%2C6000201423066%2C6000201233923%3Becomm_pagetype%3Dcategory&amp;frm=0&amp;url=https%3A%2F%2Fwww.walmart.ca%2Fen%2Fgrocery%2Fdairy-eggs%2FN-3798&amp;ref=https%3A%2F%2Fwww.walmart.ca%2Fen%2Fgrocery%2Fdairy-eggs%2FN-3798&amp;tiba=Shop%20Dairy%20%26%20Eggs%20Conveniently%20Online%20%7C%20Walmart%20Canada&amp;hn=www.googleadservices.com&amp;async=1&amp;rfmt=3&amp;fmt=4"></script></head> <body class="en page-type-browse page-type-group-shelf og ress  ghs-experience sliver-index u-disableScroll" data-site-experience="ghs"> <div id="wrap"> <header id="simplified-header" class="ghs-header has-localized-pricing" role="banner" data-experience="ghs"> <div class="nav-bar desktop-hide"> <div class="row"> <div class="wgrid-1of4 wgrid-2of8"> <button class="hamburger-menu" role="tab" aria-controls="hamburger-menu-simplified" aria-selected="false"> <span></span> <span></span> <span></span> <span></span> </button> </div> <div class="wgrid-2of4 wgrid-4of8 logo-wrap"> <div class="visually-hidden" aria-hidden="true"> <p id="logo_header_walmart_label" role="heading">Navigate to Homepage</p> <p id="logo_header_walmart_description">Clicking or tapping on this logo will return you to the Homepage</p> </div> <a href="/en/grocery/N-117" tabindex="1" analytics-trigger="analytics-ghs" analytics-data="logo" aria-labeledby="logo_header_walmart_label" aria-describedby="logo_header_walmart_description"> <!--[if lte IE 8]><img src="/assets/img/simplified-grocery-header/f0a8c3c71b083974d6bc51c8840b51af-walmart-grocery-logo_en.svg" alt="Walmart Canada - Save Money. Live Better." id="logo" class="desktop-hide"/><![endif]--> <!--[if (gt IE 8)|(!IE)]><!--> <img src="/assets/img/simplified-grocery-header/f0a8c3c71b083974d6bc51c8840b51af-walmart-grocery-logo_en.svg" alt="Walmart Canada - Save Money. Live Better." id="logo"> <!-- <![endif]--> </a> </div> <div class="wgrid-1of4 wgrid-2of8 cart-wrap"> <a id="nav-cart-mobile" href="/cart" analytics-trigger="analytics-ghs" analytics-data="cart" data-bind="attr: { 'aria-label' : 'My cart. ' + sumItems() + ' items currently in your cart.' }" aria-label="My cart. 0 items currently in your cart."> <!--[if lte IE 8]><img src="/assets/img/simplified-grocery-header/009788394bf99406d99af08f36c1ee7a-shopping-cart-icon.svg" role="presentation" alt="Cart" id="shopping-cart-icon" /><![endif]--> <!--[if (gt IE 8)|(!IE)]><!--> <img src="/assets/img/simplified-grocery-header/009788394bf99406d99af08f36c1ee7a-shopping-cart-icon.svg" role="presentation" alt="Cart" id="shopping-cart-icon" height="32" width="27"> <!-- <![endif]--> <span class="nav-cart-count hide" data-bind="show: sumItems() > 0, text: sumItems()">0</span> </a> </div> </div> </div> <div class="nav-bar zone"> <div class="row"> <div class="visually-hidden"> <p id="interface_shortcuts_label">Top Header Keyboard Shortcuts</p> <p id="interface_shortcuts_description">Use the links in this keyboard shortcut navigation list to quickly skip to content sections within this Web page.</p> </div> <ul id="skiplinks" class="desktop-only" role="navigation" aria-labeledby="interface_shortcuts_label" aria-describedby="interface_shortcuts_description"> <li><a href="#skipto-main-wrap" class="visually-hidden" tabindex="1">Skip to main</a></li> <li><li><a href="#skipto-category-tree" class="visually-hidden" tabindex="1">Skip to search filters</a></li><li></li><a href="#skipto-main-footer" class="visually-hidden" tabindex="1">Skip to footer</a></li> <li><a id="slider-autostart" class="visually-hidden" tabindex="1" href="#">Turn off auto-scrolling banners on this page</a></li></ul> <div class="wgrid-2of8 tablet-only"> <nav class="department-wrap" role="navigation" aria-labelledby="nav-depts"> <button class="department-btn" analytics-trigger="analytics-ghs" analytics-data="deptlinks" aria-controls="global-nav-simplified"> <p> <span class="mobile-visually-hidden">Aisles</span> <span class="gicon-down-arrow"></span> </p> </button> <div id="global-nav-simplified-tablet" class="flyout-menu-wrap global-nav-simplified hide" tabindex="-1" aria-expanded="false"> <div class="global-nav-flyout-arrow"><span class="flyout-menu-up-arrow gicon-up-arrow"></span></div> <div class="flyout-menu-spinner loading-icon hide-svg-spinner"></div> <div class="flyout-menu-content"> <ol class="nav-wrap-simplified"></ol> </div> </div> </nav> </div> <div class="wgrid-2of12 logo-wrap desktop-only" analytics-trigger="analytics-ghs" analytics-data="logo"> <div class="visually-hidden" aria-hidden="true"> <p id="logo_header_walmart_label" role="heading">Navigate to Homepage</p> <p id="logo_header_walmart_description">Clicking or tapping on this logo will return you to the Homepage</p> </div> <a href="/en/grocery/N-117" tabindex="1" analytics-trigger="analytics-ghs" analytics-data="logo" aria-labeledby="logo_header_walmart_label" aria-describedby="logo_header_walmart_description"> <!--[if lte IE 8]><img src="/assets/img/simplified-grocery-header/f0a8c3c71b083974d6bc51c8840b51af-walmart-grocery-logo_en.svg" alt="Walmart Canada - Save Money. Live Better." id="logo" /><![endif]--> <!--[if (gt IE 8)|(!IE)]><!--> <img src="/assets/img/simplified-grocery-header/f0a8c3c71b083974d6bc51c8840b51af-walmart-grocery-logo_en.svg" alt="Walmart Canada - Save Money. Live Better." id="logo" width="185" height="53"> <!-- <![endif]--> </a> </div> <div class="wgrid-4of4 wgrid-3of8 wgrid-6of12"> <form class="search-form" analytics-trigger="analytics-ghs" analytics-data="search" role="search" aria-labelledby="accessibility-global-search" data-automation="search-form"> <h2 class="visually-hidden" id="accessibility-global-search">Search Walmart.ca</h2> <span class="twitter-typeahead" style="direction: ltr;"><input type="search" data-automation="search-form-input" name="search-form-input" id="global-search" data-env="ta.walmartimages.ca" class="text-input tt-input" placeholder="What groceries are you looking for?" title="What groceries are you looking for?" value="" data-provide="typeahead" autocomplete="off" autocapitalize="off" spellcheck="false" autocorrect="off" aria-required="true" dir="auto" style="position: relative; vertical-align: top;"><pre aria-hidden="true" style="position: absolute; visibility: hidden; white-space: pre; font-family: Roboto, Arial, Helvetica, sans-serif; font-size: 14px; font-style: normal; font-variant: normal; font-weight: 400; word-spacing: 0px; letter-spacing: 1px; text-indent: 0px; text-rendering: auto; text-transform: none;"></pre><span class="tt-dropdown-menu" style="position: absolute; left: 0px; top: 100%; z-index: 999; display: none; background-color: rgb(255, 255, 255); width: 100%; border: 1px solid rgb(215, 215, 215); right: auto;"><div class="tt-dataset-results"></div></span></span><div class="clear-search gicon-cross-circle desktop-hide" data-automation="search-form-clear" role="button" aria-selected="false" arial-label="Clear search"></div> <button type="submit" data-automation="search-form-submit" class="btn-icon button-submit button-companion-right" onclick="searchIt(); return false;"> <span aria-label="Begin search" class="gicon-magnifier"></span> </button>
</form> </div> <div class="wgrid-4of12 media-wrap desktop-only dfp-no-placeholder" analytics-trigger="analytics-ghs" analytics-data="adbanner"> <section class="dfp-adspot" role="complementary" aria-label="Banner Advertising"> <div class="dfp-title"> <aside class="dfp-wrap"> <div class="dfp-shrink-wrap dfp-is-loaded dfp-house-ad" style="width: 306px; "> <div class="dfp-placeholder" style="padding-bottom: 48px"></div> <div class="dfp-loader"></div> <div id="Global_Header_306_x_48_1_401a8187" class="DFPAd DFPAd-regular " data-dfpindex="4" style="" data-google-query-id="CKCv9p_qlO0CFYbFfgodMjIHeg">  <div id="google_ads_iframe_/10337976/en/grocery/grocery/dairy-eggs_0__container__" style="border: 0pt none;"><iframe id="google_ads_iframe_/10337976/en/grocery/grocery/dairy-eggs_0" title="3rd party ad content" name="google_ads_iframe_/10337976/en/grocery/grocery/dairy-eggs_0" width="306" height="48" scrolling="no" marginwidth="0" marginheight="0" frameborder="0" srcdoc="" data-google-container-id="1" style="border: 0px; vertical-align: bottom;" data-load-complete="true"></iframe></div></div> <a class="ad-callout" href="/en/help/legal#Aboutourads">AdChoices</a> </div> </aside> </div>
</section> </div> <div class="wgrid-3of8 tablet-toggle-wrap tablet-only"> <a href="/en/scheduled-shopping" class="book-a-slot" aria-controls="book-a-slot" aria-selected="false" aria-label="Book a Slot"> <!--[if lte IE 8]><img src="/assets/img/global-icons/a31bbf1cd56be5d5742c88ff1301b133-book-a-slot-icon.svg" id="book-a-slot-icon" /><![endif]--> <!--[if (gt IE 8)|(!IE)]><!--> <img src="/assets/img/global-icons/a31bbf1cd56be5d5742c88ff1301b133-book-a-slot-icon.svg" id="book-a-slot-icon" width="24" height="24"> Book a Slot <!-- <![endif]--> </a> <a href="/en" class="walmart-toggle" aria-controls="shop-walmart" aria-selected="false" aria-label="Shop Walmart"> <!--[if lte IE 8]><img src="/assets/img/simplified-grocery-header/23c8116a8de4d29e02f34f7743a2f187-shop-walmart-icon.svg" alt="Walmart Canada - Save Money. Live Better." id="shop-walmart-icon" /><![endif]--> <!--[if (gt IE 8)|(!IE)]><!--> <img src="/assets/img/simplified-grocery-header/23c8116a8de4d29e02f34f7743a2f187-shop-walmart-icon.svg" alt="Walmart Canada - Save Money. Live Better." id="shop-walmart-icon" width="24" height="24"> Shop Walmart <!-- <![endif]--> </a> </div> <!--Mobile Header sliver starts here--> <!--Mobile Header sliver ends here--> </div> </div> <div class="nav-bar desktop-only"> <div class="row"> <div class="wgrid-2of12"> <nav class="department-wrap" role="navigation" aria-labelledby="nav-depts"> <button class="department-btn" analytics-trigger="analytics-ghs" analytics-data="shopallaisles" aria-controls="global-nav-simplified"> <p> <span class="mobile-visually-hidden">Aisles</span> <span class="gicon-down-arrow"></span> </p> </button> <div id="global-nav-simplified-desktop" class="flyout-menu-wrap global-nav-simplified hide" tabindex="-1" aria-expanded="false"> <div class="global-nav-flyout-arrow"><span class="flyout-menu-up-arrow gicon-up-arrow"></span></div> <div class="flyout-menu-spinner loading-icon hide-svg-spinner"></div> <div class="flyout-menu-content"> <ol class="nav-wrap-simplified"></ol> </div> </div> </nav> </div> <div class="wgrid-6of12"> <div class="row"> <div class="middle-container"> <nav class="top-categories" analytics-trigger="analytics-ghs" analytics-data="topcategories" role="navigation" aria-labelledby="access-top-categories"> <h2 class="visually-hidden" id="access-top-categories">Easy Reorder, Weekly Flyer, Rollback, Holiday, Clothing</h2> <ul class="top-categories-items"> <li id="header-easy-reorder" class=" easy-reorder">
<a href="/grocery/easy-reorder?icid=OGHP_TC_ERO_WM">Easy Reorder</a>
</li><li id="header-weekly-flyer" class=" weekly-flyer">
<a href="/en/grocery/N-117+27263?icid=OGHP_TC_Flyer_WM">Weekly Flyer</a>
</li><li id="header-rollback" class=" rollback">
<a href="/en/grocery/rollback/N-31+117?icid=OGHP_TC_Rollback_WM">Rollback</a>
</li><li id="header-holiday" class=" holiday">
<a href="/en/grocery/seasonal-holidays/happy-holidays/N-9684?icid=OGHP_TC_OG_Holiday_WM">Holiday</a>
</li><li id="header-clothing" class=" clothing">
<a href="/en/grocery/clothing-shoes-accessories/N-9926?icid=OGHP_TC_Clothing_WM">Clothing</a>
</li> </ul> <div class="fade"></div> </nav> <div class="toggle-walmart-desktop"> <a href="/en" class="walmart-toggle" analytics-trigger="analytics-ghs" analytics-data="walmarttoggle" aria-controls="shop-walmart" aria-selected="false" aria-label="Shop Walmart"> <!--[if lte IE 8]><img src="/assets/img/simplified-grocery-header/23c8116a8de4d29e02f34f7743a2f187-shop-walmart-icon.svg" alt="Walmart Canada - Save Money. Live Better." id="shop-walmart-icon" /><![endif]--> <!--[if (gt IE 8)|(!IE)]><!--> <img src="/assets/img/simplified-grocery-header/23c8116a8de4d29e02f34f7743a2f187-shop-walmart-icon.svg" alt="Walmart Canada - Save Money. Live Better." id="shop-walmart-icon" width="24" height="24"> Shop Walmart <!-- <![endif]--> </a> </div> </div> </div> </div> <div class="wgrid-4of12"> <div class="row"> <div class="links-container"> <div class="main-nav-wrap"> <nav role="navigation" aria-labelledby="access-support"> <h2 class="visually-hidden" id="access-support">Book a Slot, Flyers</h2> <ul id="support" class="top-links"> <li id="header-book-a-slot" class=" book-a-slot">
<a href="/en/scheduled-shopping">Book a Slot</a>
</li><li id="header-flyers" class=" flyers">
<a href="/flyer?locale=en">Flyers</a>
</li> </ul> </nav> </div> <div id="my-account-wrap" class="flyout-menu-trigger"> <nav class="my-account-content" role="navigation" aria-controls="account-signin" aria-selected="false" aria-label="Account"> <button id="account-menu-btn" class="my-account-btn auto-overflow" analytics-trigger="analytics-ghs" analytics-data="myaccbutton" ref-link="/my-account"> <p class="auto-overflow-inner"> <span class="user-name">Hello. <span class="userFirstName">Sign In</span><span class="fade"></span></span> <span class="sign-in-message">My Account <span class="gicon-down-arrow"></span></span> </p> </button> <img src="/assets/img/global-icons/d8274804e5836358e71ee62059a4ad65-user-icon.svg" class="my-account-icon" title="My Account" width="22" height="22"> </nav> <div id="my-account-menu" class="flyout-menu-wrap" analytics-trigger="analytics-ghs" analytics-data="accountmenu" tabindex="1" aria-expanded="false"> <span class="flyout-menu-up-arrow gicon-up-arrow"></span> <div class="flyout-menu-content" tabindex="2"> <button id="sign-in-button" type="button" class="button-submit sign-in-btn" analytics-trigger="analytics-ghs" analytics-data="signin">Sign in</button> <p class="new-customer-join">New Customer? <a href="https://www.walmart.ca/create-account">Join Now</a></p> <ol class="panel-content"> <li><a id="header-my-orders" href="/my-account/order-history">My Orders </a></li> <li><a id="header-my-recommendations" href="/my-account/recommendations">My Recommendations</a></li> <li><a id="header-my-autosave" href="/my-account/subscriptions">My Subscriptions</a></li> <li><a id="header-my-lists" href="/en/shopping-list">My Lists</a></li> <li><a id="header-my-account" href="/my-account" analytics-trigger="my-account" analytics-data="headerOverlay">My Account </a></li>
</ol> <p class="remembered-not-user hide">Not <span class="userFirstName"></span>? <a id="header-sign-out" data-analytics-type="header-signIn-create" analytics-trigger="my-account" analytics-data="logOut" href="https://www.walmart.ca/ws/secure/en/sign-out">Sign out</a></p> </div> </div> </div> <div class="cart-wrap"> <a id="nav-cart" href="/cart" data-bind="attr: { 'aria-label' : 'My cart. ' + sumItems() + ' items currently in your cart.' }" aria-label="My cart. 0 items currently in your cart."> <!--[if lte IE 8]><img role="presentation" alt="Cart" src="/assets/img/simplified-grocery-header/009788394bf99406d99af08f36c1ee7a-shopping-cart-icon.svg"  id="shopping-cart-icon" /><![endif]--> <!--[if (gt IE 8)|(!IE)]><!--> <img role="presentation" alt="Cart" src="/assets/img/simplified-grocery-header/009788394bf99406d99af08f36c1ee7a-shopping-cart-icon.svg" id="shopping-cart-icon" width="32" height="27"> <!-- <![endif]--> <span class="nav-cart-count hide" data-bind="show: sumItems() > 0, text: sumItems()">0</span> </a> </div> </div> </div> </div> </div> <!--header sliver starts here--> <div class="row sliver-row"> <div class="sliver-container"> <div class="wgrid-4of12"> <a href="/store-selector?returnToReferrer=true" class="localized-price-sliver" analytics-trigger="analytics-ghs" analytics-data="walmarttoggle" aria-controls="shop-walmart" aria-selected="false" aria-label=" header.tab.mobile.shopWalmart"><span class="grocery-pickup"></span><span class="storeName-text"><span class="sliver-deliver-text">Pickup at</span>Deerfoot City Supercentre (NE)</span><span class="fade"></span></a> </div> </div> </div> <!--Ends here--> </div> </header> <section class="sliver-banner dfp-no-placeholder zone"> <div class="sliver-wrap"> <section class="dfp-adspot" role="complementary" aria-label="Banner Advertising"> <div class="dfp-title"> <aside class="dfp-wrap"> <div class="dfp-shrink-wrap dfp-is-loaded" style="width: 1410px; "> <div class="dfp-placeholder" style="padding-bottom: 50px"></div> <div class="dfp-loader"></div> <div id="Global_Sliver_Ad_1410_x_50_1_eaf173cb" class="DFPAd DFPAd-regular " data-dfpindex="3" style="" data-google-query-id="CJa39p_qlO0CFcFYfgod88gDKA">  <div id="google_ads_iframe_/10337976/en/grocery/grocery/dairy-eggs_1__container__" style="border: 0pt none;"><iframe id="google_ads_iframe_/10337976/en/grocery/grocery/dairy-eggs_1" title="3rd party ad content" name="google_ads_iframe_/10337976/en/grocery/grocery/dairy-eggs_1" width="1410" height="50" scrolling="no" marginwidth="0" marginheight="0" frameborder="0" srcdoc="" data-google-container-id="2" style="border: 0px; vertical-align: bottom;" data-load-complete="true"></iframe></div></div> </div> </aside> </div>
</section> </div> </section> <script type="text/html" id="sliver-modal-template">
	<div class="sliver-modal-container" aria-modal="true">
		<div class="flex-container">
			<div class="css-suayju e1647nq84">
				<div class="chevron"></div>
				<div class="sliver-content">
					<div class="my-store-decorator">
						<svg
							xmlns:xlink="http://www.w3.org/1999/xlink" width="48" height="48" viewBox="0 0 48 48"
							data-automation="my-store-icon">
							<defs>
								<path id="favouritestore_a"
									d="M24.02 13.738c-.539 0-.954-.3-.954-.641l-.54-6.028c0-.599.665-1.069 1.536-1.069.872 0 1.536.47 1.536 1.069l-.54 6.028c-.083.342-.498.64-1.037.64zm-3.196 1.881c-.249.47-.705.727-1.037.598l-5.355-2.565c-.498-.299-.581-1.154-.166-1.923.456-.77 1.204-1.112 1.702-.813l4.815 3.463c.29.257.29.77.041 1.24zm6.352 0c-.25-.47-.25-.983.041-1.24l4.815-3.463c.498-.299 1.287.043 1.702.813.415.77.332 1.624-.166 1.923l-5.355 2.565c-.332.129-.788-.128-1.037-.598zm-3.155 5.643c.54 0 .954.3 1.038.641l.54 6.028c0 .599-.665 1.069-1.537 1.069-.871 0-1.536-.47-1.536-1.069l.54-6.028c0-.342.415-.64.955-.64zm3.155-1.881c.249-.47.705-.727 1.037-.598l5.355 2.565c.498.299.581 1.154.166 1.923-.415.77-1.204 1.112-1.702.813l-4.815-3.463c-.29-.257-.29-.77-.041-1.24zm-6.352 0c.25.47.25.983-.041 1.24l-4.815 3.463c-.498.299-1.246-.043-1.702-.813-.415-.77-.332-1.624.166-1.923l5.355-2.565c.332-.129.788.128 1.037.598zM24 0C14.074 0 6 8.01 6 17.853c0 9.25 14.856 26.543 16.548 28.483L24 48l1.452-1.664C27.144 44.396 42 27.103 42 17.853 42 8.009 33.926 0 24 0">
								</path>
							</defs>
							<g fill="none" fill-rule="evenodd">
								<mask id="favouritestore_b" fill="#fff">
									<use xlink:href="#favouritestore_a"></use>
								</mask>
								<use fill="#000" xlink:href="#favouritestore_a"></use>
								<g fill="#333" mask="url(#favouritestore_b)">
									<path d="M0 0h48v48H0z"></path>
								</g>
							</g>
						</svg>
						My Store
					</div>
					<div>
						Update your store to view local pricing and availability. Then, choose your shipping method at checkout.
					</div>
				</div>
			</div>
			<div class="sliver-modal-close">
				<button color="transparent" aria-label="Close" class="sliver-close-button">
						<div>
							<svg viewBox="0 0 48 48" width="16" fill="dark-charcoal" height="16">
								<path
									d="M26.77 24L43.42 7.41a2 2 0 1 0-2.83-2.83L24 21.12 7.41 4.58a2 2 0 0 0-2.83 2.83L21.12 24 4.58 40.59a2 2 0 0 0 2.83 2.83L24 26.77l16.59 16.65a2 2 0 0 0 2.83-2.83z">
								</path>
							</svg>
						</div>
					</button>
			</div>
		</div>
</script> <div id="hamburger-flyout" class="mp-pusher desktop-hide"> <nav id="hamburger-navigation" role="navigation" aria-labelledby="access-hamburger-flyout"> <div id="menu-level-0"> <h2 id="access-hamburger-flyout" class="visually-hidden"> Easy Reorder, Weekly Flyer, Rollback, Holiday, Clothing, Sign In / Join Now, My Account, Book a Slot, Flyers, Français</h2> <ul class="hamburger-flyout-list mobile-only"> <li id="shop-departments-panel-trigger" data-trigger="shop-departments-panel" data-category="departments" class="hamburger-flyout-list-item link-icon panel-trigger shop-departments"> <button class="primary-navigation-panel-trigger next-level" data-category="departments" analytics-trigger="generic" analytics-data="Global Navigation Mobile"> Shop Departments <div class="loading-icon hide-svg-spinner"></div> </button> </li> <li id="shop-aisles-panel-trigger" data-trigger="shop-aisles-panel" data-category="aisles" class="hamburger-flyout-list-item link-icon panel-trigger shop-aisles"> <button class="primary-navigation-panel-trigger next-level" data-category="aisles" analytics-trigger="analytics-ghs" analytics-data="shopallaisles"> Shop Aisles <div class="loading-icon hide-svg-spinner"></div> </button> </li> </ul> <ul class="hamburger-flyout-list top-categories" analytics-trigger="analytics-ghs" analytics-data="topcategories"> <li id="hamburger-easy-reorder" class="hamburger-flyout-list-item easy-reorder">
<a href="/grocery/easy-reorder?icid=OGHP_TC_ERO_WM" analytics-trigger="generic" analytics-data="Global Navigation Mobile">Easy Reorder</a>
</li><li id="hamburger-weekly-flyer" class="hamburger-flyout-list-item weekly-flyer">
<a href="/en/grocery/N-117+27263?icid=OGHP_TC_Flyer_WM" analytics-trigger="generic" analytics-data="Global Navigation Mobile">Weekly Flyer</a>
</li><li id="hamburger-rollback" class="hamburger-flyout-list-item rollback">
<a href="/en/grocery/rollback/N-31+117?icid=OGHP_TC_Rollback_WM" analytics-trigger="generic" analytics-data="Global Navigation Mobile">Rollback</a>
</li><li id="hamburger-holiday" class="hamburger-flyout-list-item holiday">
<a href="/en/grocery/seasonal-holidays/happy-holidays/N-9684?icid=OGHP_TC_OG_Holiday_WM" analytics-trigger="generic" analytics-data="Global Navigation Mobile">Holiday</a>
</li><li id="hamburger-clothing" class="hamburger-flyout-list-item clothing">
<a href="/en/grocery/clothing-shoes-accessories/N-9926?icid=OGHP_TC_Clothing_WM" analytics-trigger="generic" analytics-data="Global Navigation Mobile">Clothing</a>
</li> </ul> <ul class="hamburger-flyout-list"> <li id="sign-in-hello" class="hamburger-flyout-list-item user-name hide"> Hello <span class="userFirstName"></span><span class="fade"></span> </li> <li id="sign-in-panel-trigger" data-trigger="sign-in-panel" class="hamburger-flyout-list-item panel-trigger"> Hello. <button class="sign-in-panel-trigger" data-category="sign-in-panel" analytics-trigger="generic" analytics-data="Global Navigation Mobile"> Sign In / Join Now <div class="loading-icon hide-svg-spinner"></div> </button> </li> <li id="my-account-panel-trigger" data-trigger="my-account-panel" class="hamburger-flyout-list-item panel-trigger link-icon my-account"> <button class="my-account-panel-trigger next-level" data-category="my-account-panel"> My Account <div class="loading-icon hide-svg-spinner"></div> </button> </li> <li id="hamburger-book-a-slot" class="hamburger-flyout-list-item link-icon top-links book-a-slot">
<a href="/en/scheduled-shopping" analytics-trigger="generic" analytics-data="Global Navigation Mobile">Book a Slot</a>
</li><li id="hamburger-flyers" class="hamburger-flyout-list-item link-icon top-links flyers">
<a href="/flyer?locale=en" analytics-trigger="generic" analytics-data="Global Navigation Mobile">Flyers</a>
</li> <li id="hamburger-language-toggle" class="hamburger-flyout-list-item link-icon language-toggle"><a href="/fr/epicerie/produits-laitiers-et-oeufs/N-3798" lang="fr" analytics-trigger="generic" analytics-data="Global Navigation Mobile">Français</a></li> </ul> </div> </nav> <nav id="sign-in-panel" role="tabpanel" aria-labelledby="nav-account" aria-expanded="false" aria-hidden="true" class="hamburger-panel desktop-hide transitionable no-overflow"> <button class="back-one-button back" data-panel="sign-in" data-category="back" aria-controls="back-to-main-menu" aria-selected="false" arial-label="Back to Main Menu" analytics-trigger="generic" analytics-data="Global Navigation Mobile"> <i class="gicon-chevron-left"></i> Back to Main Menu </button> <ul class="panel-content"> <li id="sign-in-panel-content"></li> </ul> </nav> <nav id="my-account-panel" role="tabpanel" aria-labelledby="my-account-panel-trigger" aria-expanded="false" aria-hidden="true" class="hamburger-panel desktop-hide transitionable no-overflow"> <button class="back-one-button back" data-panel="my-account" data-category="back" aria-controls="back-to-main-menu" aria-selected="false" arial-label="Back to Main Menu" analytics-trigger="generic" analytics-data="Global Navigation Mobile"> <i class="gicon-chevron-left"></i> Back to Main Menu </button> <ol class="panel-content"> <li><a id="header-my-orders" href="/my-account/order-history">My Orders </a></li> <li><a id="header-my-recommendations" href="/my-account/recommendations">My Recommendations</a></li> <li><a id="header-my-autosave" href="/my-account/subscriptions">My Subscriptions</a></li> <li><a id="header-my-lists" href="/en/shopping-list">My Lists</a></li> <li><a id="header-my-account" href="/my-account" analytics-trigger="my-account" analytics-data="headerOverlay">My Account </a></li>
</ol> <p class="remembered-not-user hide">Not <span class="userFirstName"></span>? <a id="header-sign-out" data-analytics-type="header-signIn-create" analytics-trigger="my-account" analytics-data="logOut" href="https://www.walmart.ca/ws/secure/en/sign-out">Sign out</a></p> </nav>
</div> <section id="grocery-toggle-mobile" class="site-toggle grocery-toggle mobile-only"> <a href="/en/grocery/N-117" aria-controls="shop-groceries" aria-selected="false" aria-label="simplifiedheader.tab.mobile.shopGroceries"> Shop Groceries </a>
</section> <section id="walmart-toggle-mobile" class="site-toggle walmart-toggle mobile-only" analytics-trigger="analytics-ghs" analytics-data="walmarttoggle"> <a href="/en" aria-controls="shop-groceries" aria-selected="false" aria-label="simplifiedheader.tab.mobile.shopWalmart"> Shop Walmart </a>
</section> <script>tbHlp.startTimer("libJsProcessing");</script> <script src="/assets/javascripts/global/lib/0ee4e5fdc2ebac7878384ec7a72b65da-polyfills-require-jquery.js"></script> <script>tbHlp.endTimer("libJsProcessing");</script> <script>
				
				requirejs.config({
					baseUrl: "/assets/javascripts/",
					urlArgs: "v=" + walmart.assetVersion,
					waitSeconds: 120, 
					assetVersion: walmart.assetVersion,
					paths: {
						global: './global',
						checkout: './app/checkout',
						'scheduled-shopping': './app/scheduled-shopping',
						app: './app',
						copy: ["global/localization/global-"+walmart.lang+"_ca"]
					}
				});
			</script> <script>
				(function($){
					var visComp = function(){
						tbHlp.endTimer("visuallyComplete");
						
						$(window).trigger("visuallyComplete", [parseInt(window.performance.now())]);
					};
					
							
								$(window).one("shelfVisuallyComplete", visComp);
							
						

					var visCompPrice = (function() {
						var priceSections = 0,
							priceType = function(ele) {
								if (ele.closest(".recordSpotlight.hookLogic").length) {
									return "HookLogic";
								} else if (ele.closest(".recordSpotlight.richRelevance").length) {
									return "RichRelevance";
								} else if (ele.closest(".recordSpotlight.personalization").length) {
									return "Personalization";
								} else {
									return "Endeca";
								}
							};

						$(document).ready(function() {
							var endeca = ~~!!$(".product").not(".richRelevance .product, .hookLogic .product, .personalization .product").length,
								richRelevance = $(".recordSpotlight.richRelevance").length,
								hookLogic = ~~!!$(".recordSpotlight.hookLogic").length,
								personalization = ~~!!$(".recordSpotlight.personalization").length,
								Pip = $(".product-purchase-cartridge").length;

							priceSections = endeca + richRelevance + hookLogic + personalization + Pip;
						});

						return function(e, ele) {
							if (ele) {
								tbHlp.endTimer(e.type + priceType(ele));
							}
							--priceSections;
							if (!priceSections) {
								tbHlp.endTimer("visuallyCompletePriceAll");
							}
						};
					})();

					$(window).on("visuallyCompletePrice", visCompPrice);

				})(jQuery);
			</script> <span id="asyncLoader" class="hide-svg-spinner"></span> <!-- main content start --> <div id="main-wrap" role="main"> <a name="skipto-main-wrap" id="skipto-main-wrap" tabindex="-1"></a> <div id="banana-template" class="row"> <div class="wgrid-4of4 wgrid-8of8 wgrid-12of12"> <div id="add-to-next-order" class="hide" data-bind="visible: $root.pendingOrderExists(), show: $root.pendingOrderExists(), template: { name: 'add-to-next-message', data: $root }" style="display: none;">
	<div class="alert-box alert-warning">
		<a data-bind="attr: { href: $data.amendableOrderUrl()}" class="header" href="">
			<div class="gicon-grocery-basket">
				<span class="cart-count hide" data-bind="fadeVisible: $data.pendingOrder().details().itemsQty() > 0, text: $data.pendingOrder().details().itemsQty(), visible: $data.pendingOrder().details().itemsQty() != 0" style="display: none;">0</span>
			</div>
		</a>
		<p class="add-to-next-message" data-bind="html: $data.pendingOrderMessage()"></p>
	</div>
</div> <nav id="breadcrumb" data-automation="breadcrumb" class="breadCrumb" role="navigation" aria-labelledby="crumbs-heading"> <a name="skipto-breadcrumb" tabindex="-1"></a> <h2 class="visually-hidden" id="crumbs-heading">Current Page</h2> <input class="primary_parent_id" type="hidden" value="6000194327369"> <input name="collection-id" id="collection-id" type="hidden" value=""> <input id="current-l1" name="current-l1" type="hidden" value="{&quot;name&quot;: &quot;Grocery&quot;, &quot;link&quot;: &quot;/en/grocery/N-117&quot;}"> <input type="hidden" id="breadcrumb-dimensions" value="{&quot;name&quot;: &quot;Dairy &amp;#38; Eggs&quot;, &quot;link&quot;: &quot;/grocery/dairy-eggs/N-3798&quot;}"> <input type="hidden" id="refinement-dimensions" value="{&quot;name&quot;: &quot;&quot;, &quot;link&quot;: &quot;&quot;}"> <ol class="mobile-hide" data-automation="breadcrumb-result" itemscope="" itemtype="http://schema.org/BreadcrumbList"> <li itemprop="itemListElement" itemscope="" itemtype="http://schema.org/ListItem"> <a itemprop="item" href="https://www.walmart.ca/en" class="staticCrumb home" data-automation="breadcrumb-result-static-link"> <span itemprop="name">Walmart.ca</span> </a> <meta itemprop="item" content="https://www.walmart.ca/en/grocery/dairy-eggs/N-3798"> <meta itemprop="position" content="1"> </li> <li itemprop="itemListElement" itemscope="" itemtype="http://schema.org/ListItem"> <span class="arrow-rt"></span> <a itemprop="item" href="https://www.walmart.ca/en/grocery/N-117" data-analytics-type="cat" data-automation="breadcrumb-result-dynamic-link0"> <span itemprop="name">Grocery</span> </a> <meta itemprop="item" content="https://www.walmart.ca/en/grocery/dairy-eggs/N-3798"> <meta itemprop="position" content="2"> </li> <li itemprop="itemListElement" itemscope="" itemtype="http://schema.org/ListItem"> <span class="arrow-rt"></span> <span data-analytics-type="refinement" data-analytics-value="Dairy+%26+Eggs" itemprop="name"> Dairy &amp; Eggs</span> <meta itemprop="item" content="https://www.walmart.ca/grocery/dairy-eggs/N-3798"> <meta itemprop="position" content="3"> </li> <!-- ko template: {
				if: $data.showRefinemntBreadcrumb,
				name: 'auto-parts-finder-selected-vehicle',
				data: {
					showSeparator: true,
					src: $data
				}
			} --> <!-- /ko --> </ol> <div id="ep-crumb"> </div>
</nav> <a name="skipto-after-breadcrumb" tabindex="-1"></a> </div> <div class="zone zone1 wgrid-12of12 wgrid-8of8 wgrid-4of4"> <h1 class="browse-title-bar" role="complementary" aria-label="Buy fresh dairy &amp; eggs online Category">Buy fresh dairy &amp; eggs online</h1> <div class="  "> <div class="slideshow-cartridge-loader clearfix hide"></div> <div class="bx-wrapper" style="max-width: 100%; margin: 0px auto; visibility: visible;"><div class="bx-viewport" style="width: 100%; overflow: hidden; position: relative; height: 275px;"><ul class="slideshow-bxslider" data-autoadvance="true" data-repeatshow="true" data-secondsperslide="3" role="complementary" aria-label="Banner Slide Show" style="width: 316%; position: relative; transition-duration: 0s; transform: translate3d(0px, 0px, 0px); visibility: visible;"> <li style="float: left; list-style: none; position: relative; width: 1173px; margin-right: 10px;"> <div class="media-banner row desktop-only" data-component-type="media-banner" role="complementary" aria-label="Banner Advertising"> <a href="/en/grocery/boursin/N-117+1002194?mtr=mdv_00761&amp;icid=dairy_wmg_display_walmart_L2HB_wk43_new_boursin_fig_and_balsamic_en"> <picture> <source media="(max-width: 959px)" srcset="data:image/gif;base64,R0lGODlhAQABAIAAAAAAAP///yH5BAEAAAAALAAAAAABAAEAAAIBRAA7"> <source media="(min-width: 960px)" srcset="//i.walmartimages.ca/img/category/grocery/hero/2020/Week43/L2HB12_FBC_GP-Fromageries-Bel-Fig-and-Balsamic-and-portions_20201119-Desktop_E.jpg"> <img alt="NEW - Boursin - Fig &amp; Balsamic - Shop" title="NEW - Boursin - Fig &amp; Balsamic - Shop" class="" contentwidth="1410" contentheight="300" src="//i.walmartimages.ca/img/category/grocery/hero/2020/Week43/L2HB12_FBC_GP-Fromageries-Bel-Fig-and-Balsamic-and-portions_20201119-Desktop_E.jpg"> </picture> </a> </div> <div class="media-banner row tablet-only" data-component-type="media-banner" role="complementary" aria-label="Banner Advertising"> <a href="/en/grocery/boursin/N-117+1002194?mtr=mdv_00761&amp;icid=dairy_wmg_display_walmart_L2HB_wk43_new_boursin_fig_and_balsamic_en"> <picture> <source media="(max-width: 639px)" srcset="data:image/gif;base64,R0lGODlhAQABAIAAAAAAAP///yH5BAEAAAAALAAAAAABAAEAAAIBRAA7"> <source media="(min-width:640px) and (max-width:959px)" srcset="//i.walmartimages.ca/img/category/grocery/hero/2020/Week43/L2HB12_FBC_GP-Fromageries-Bel-Fig-and-Balsamic-and-portions_20201119-Tablet_E.jpg"> <source media="(min-width: 960px)" srcset="data:image/gif;base64,R0lGODlhAQABAIAAAAAAAP///yH5BAEAAAAALAAAAAABAAEAAAIBRAA7"> <img alt="NEW - Boursin - Fig &amp; Balsamic - Shop" title="NEW - Boursin - Fig &amp; Balsamic - Shop" class="" contentwidth="930" contentheight="300" src="//i.walmartimages.ca/img/category/grocery/hero/2020/Week43/L2HB12_FBC_GP-Fromageries-Bel-Fig-and-Balsamic-and-portions_20201119-Tablet_E.jpg"> </picture> </a> </div> </li> </ul></div></div>
</div> </div> <div class="zone zone2 wgrid-2of12 wgrid-2of8 wgrid-4of4"> <div id="category-tree" class="category-tree stacked-border" role="navigation" aria-label="Browse Sub-categories"> <a name="skipto-category-tree" class="visually-hidden" tabindex="-1"></a> <ul class="category-list l-1 collapsed "> <li class=""> <a href="/en/grocery/N-117" class="link "> <span>Grocery</span><span>+</span> </a> <ul class="category-list l-2 collapsed "> <li class="selected"> <a href="/en/grocery/dairy-eggs/N-3798" class="link selected"> <span>Dairy &amp; Eggs</span><span>+</span> </a> <ul class="category-list l-3 collapsed "> <li class=""> <a href="/en/grocery/dairy-eggs/butter-margarine/N-3847" class="link "> <span>Butter &amp; Margarine</span><span></span> </a> </li> <li class=""> <a href="/en/grocery/dairy-eggs/cheese/N-3849" class="link "> <span>Cheese</span><span></span> </a> </li> <li class=""> <a href="/en/grocery/dairy-eggs/eggs/N-3850" class="link "> <span>Eggs</span><span></span> </a> </li> <li class=""> <a href="/en/grocery/dairy-eggs/milk-cream/N-3851" class="link "> <span>Milk &amp; Cream</span><span></span> </a> </li> <li class=""> <a href="/en/grocery/dairy-eggs/pudding-gelatin/N-4527" class="link "> <span>Pudding &amp; Gelatin</span><span></span> </a> </li> <li class=""> <a href="/en/grocery/dairy-eggs/refrigerated-doughs-crusts/N-4531" class="link "> <span>Refrigerated Doughs &amp; Crusts</span><span></span> </a> </li> <li class=""> <a href="/en/grocery/dairy-eggs/sour-cream-chip-dips/N-3848" class="link "> <span>Sour Cream &amp; Chip Dips</span><span></span> </a> </li> <li class=""> <a href="/en/grocery/dairy-eggs/yogurt/N-3853" class="link "> <span>Yogurt</span><span></span> </a> </li> </ul> </li> </ul> </li> </ul> </div> <div class="html-cartridge Link"> 
<div class="category-tree stacked-border related-cat mobile-hide" aria-label="Browse Sub-categories"> <h3><span style="padding-left: 1rem;">Related Category</span></h3> <ul class="l-2"> <li> <a href="/en/grocery-pickup/frozen-food/ice-cream-treats/N-3828"><span>Ice Cream &amp; Treats
</span><span></span></a> </li> <li> <a href="/en/grocery/smoothies"><span>Smoothie Essentials
</span><span></span></a> </li> <li> <a href="/en/grocery/salads"><span>Salad Essentials
</span><span></span></a> </li> <li> <a href="/en/grocery/natural-organic-food/dairy-alternatives/N-3993
"><span>Dairy Alternatives
</span><span></span></a> </li> </ul>
</div>
</div> <nav id="guided-navigation" class="guided-navigation stacked-border mobile-hide no-touch" role="navigation" aria-label="Select category filters"> <a href="#skip-guided-navigation" class="skip-section visually-hidden">Skip product filters</a> <a name="skipto-guided-navigation" tabindex="-1"></a> <div class="shopby"> <div> Shop by Brand , OnlineSavings and more </div> <span class="filter-toggle">Hide filters<i class="icon-arrow-up"></i></span> </div> <div id="rm-Brand" class="refinement-menu open-by-default opened"> <button class="refinement-button" aria-live="polite" aria-label="Brand filter Expanded" data-aria-open-label="Brand Expanded" data-aria-closed-label="Brand Collapsed">Brand<span class="refinement-menu-toggle"></span></button> <ul> <li id="rmi-brand-id-0" class=""> <a link="/en/dairy-eggs/_/N-2+61+3798+60001+1019684+9003798?userSegment=50-percent+ScheduledCatchmentArea_3013+ScheduledCatchmentArea_PickupOnly+ScheduledCatchmentArea_SameDayPickup+ScheduledCatchmentArea_All-AB-BC+ScheduledCatchmentArea_Western+ScheduledCatchmentArea_Alberta+ScheduledCatchmentArea_WalmartPromo+ScheduledCatchmentArea_Skyfall" href="/en/dairy-eggs/N-3798?b=1019684" role="async" aria-label="Great Value 79"> <input type="checkbox" id="chk-brand-ref-0" name="Great Value" value="Great Value"> <label for="Brand ref-0" )=""><i></i><span class="refinement-name">Great Value <span>(79)</span></span></label> </a> </li> <li id="rmi-brand-id-1" class=""> <a link="/en/dairy-eggs/_/N-2+61+3798+60001+1019864+9003798?userSegment=50-percent+ScheduledCatchmentArea_3013+ScheduledCatchmentArea_PickupOnly+ScheduledCatchmentArea_SameDayPickup+ScheduledCatchmentArea_All-AB-BC+ScheduledCatchmentArea_Western+ScheduledCatchmentArea_Alberta+ScheduledCatchmentArea_WalmartPromo+ScheduledCatchmentArea_Skyfall" href="/en/dairy-eggs/N-3798?b=1019864" role="async" aria-label="Dairyland 63"> <input type="checkbox" id="chk-brand-ref-1" name="Dairyland" value="Dairyland"> <label for="Brand ref-1" )=""><i></i><span class="refinement-name">Dairyland <span>(63)</span></span></label> </a> </li> <li id="rmi-brand-id-2" class=""> <a link="/en/dairy-eggs/_/N-2+61+3798+60001+1022944+9003798?userSegment=50-percent+ScheduledCatchmentArea_3013+ScheduledCatchmentArea_PickupOnly+ScheduledCatchmentArea_SameDayPickup+ScheduledCatchmentArea_All-AB-BC+ScheduledCatchmentArea_Western+ScheduledCatchmentArea_Alberta+ScheduledCatchmentArea_WalmartPromo+ScheduledCatchmentArea_Skyfall" href="/en/dairy-eggs/N-3798?b=1022944" role="async" aria-label="Activia 32"> <input type="checkbox" id="chk-brand-ref-2" name="Activia" value="Activia"> <label for="Brand ref-2" )=""><i></i><span class="refinement-name">Activia <span>(32)</span></span></label> </a> </li> <li id="rmi-brand-id-3" class=""> <a link="/en/dairy-eggs/_/N-2+61+3798+60001+1021453+9003798?userSegment=50-percent+ScheduledCatchmentArea_3013+ScheduledCatchmentArea_PickupOnly+ScheduledCatchmentArea_SameDayPickup+ScheduledCatchmentArea_All-AB-BC+ScheduledCatchmentArea_Western+ScheduledCatchmentArea_Alberta+ScheduledCatchmentArea_WalmartPromo+ScheduledCatchmentArea_Skyfall" href="/en/dairy-eggs/N-3798?b=1021453" role="async" aria-label="Silk 32"> <input type="checkbox" id="chk-brand-ref-3" name="Silk" value="Silk"> <label for="Brand ref-3" )=""><i></i><span class="refinement-name">Silk <span>(32)</span></span></label> </a> </li> <li id="rmi-brand-id-4" class=""> <a link="/en/dairy-eggs/_/N-2+61+3798+60001+9003798+51177538?userSegment=50-percent+ScheduledCatchmentArea_3013+ScheduledCatchmentArea_PickupOnly+ScheduledCatchmentArea_SameDayPickup+ScheduledCatchmentArea_All-AB-BC+ScheduledCatchmentArea_Western+ScheduledCatchmentArea_Alberta+ScheduledCatchmentArea_WalmartPromo+ScheduledCatchmentArea_Skyfall" href="/en/dairy-eggs/N-3798?b=51177538" role="async" aria-label="Cracker Barrel Cheese 29"> <input type="checkbox" id="chk-brand-ref-4" name="Cracker Barrel Cheese" value="Cracker Barrel Cheese"> <label for="Brand ref-4" )=""><i></i><span class="refinement-name">Cracker Barrel Cheese <span>(29)</span></span></label> </a> </li> <li><button class="button-text-like moreLess" link="/en/dairy-eggs/_/N-2+61+3798+60001+9003798?userSegment=50-percent+ScheduledCatchmentArea_3013+ScheduledCatchmentArea_PickupOnly+ScheduledCatchmentArea_SameDayPickup+ScheduledCatchmentArea_All-AB-BC+ScheduledCatchmentArea_Western+ScheduledCatchmentArea_Alberta+ScheduledCatchmentArea_WalmartPromo+ScheduledCatchmentArea_Skyfall&amp;showMoreIds=1000000">Show more...</button></li> </ul>
</div> <div id="rm-Savings" class="refinement-menu open-by-default opened"> <button class="refinement-button" aria-live="polite" aria-label="OnlineSavings filter Expanded" data-aria-open-label="OnlineSavings Expanded" data-aria-closed-label="OnlineSavings Collapsed">OnlineSavings<span class="refinement-menu-toggle"></span></button> <ul> <li id="rmi-savings-id-0" class=""> <a link="/en/dairy-eggs/_/N-2+31+61+3798+60001+9003798?userSegment=50-percent+ScheduledCatchmentArea_3013+ScheduledCatchmentArea_PickupOnly+ScheduledCatchmentArea_SameDayPickup+ScheduledCatchmentArea_All-AB-BC+ScheduledCatchmentArea_Western+ScheduledCatchmentArea_Alberta+ScheduledCatchmentArea_WalmartPromo+ScheduledCatchmentArea_Skyfall" href="/en/dairy-eggs/N-31+3798" role="async" aria-label="Rollback 3"> <input type="checkbox" id="chk-onlinesavings-ref-0" name="Rollback" value="Rollback"> <label for="OnlineSavings ref-0" )=""><i></i><span class="refinement-name">Rollback <span>(3)</span></span></label> </a> </li> </ul>
</div> <div id="rm-DietaryNeeds" class="refinement-menu open-by-default opened"> <button class="refinement-button" aria-live="polite" aria-label="Lifestyle &amp; Dietary Need filter Expanded" data-aria-open-label="Lifestyle &amp; Dietary Need Expanded" data-aria-closed-label="Lifestyle &amp; Dietary Need Collapsed">Lifestyle &amp; Dietary Need<span class="refinement-menu-toggle"></span></button> <p class="dietary-disclaimer">These filters do not replace medical, nutritional or other healthcare advice. Always read the label. See <a href="/en/help/legal#TermsofUse">Terms of Use</a> for more details.</p> <ul> <li id="rmi-dietaryneeds-id-0" class=""> <a link="/en/dairy-eggs/_/N-2+61+3798+60001+9003798+27000260?userSegment=50-percent+ScheduledCatchmentArea_3013+ScheduledCatchmentArea_PickupOnly+ScheduledCatchmentArea_SameDayPickup+ScheduledCatchmentArea_All-AB-BC+ScheduledCatchmentArea_Western+ScheduledCatchmentArea_Alberta+ScheduledCatchmentArea_WalmartPromo+ScheduledCatchmentArea_Skyfall" href="/en/dairy-eggs/N-3798+27000260" role="async" aria-label="No lactose 112"> <input type="checkbox" id="chk-lifestyle &amp; dietary need-ref-0" name="No lactose" value="No lactose"> <label for="Lifestyle &amp; Dietary Need ref-0" class="dietary-refinement" )=""><i></i><span class="nutrition-icon icon-no-lactose" data-refinement-name="no lactose"><span class="path1"></span><span class="path2"></span><span class="path3"></span><span class="path4"></span><span class="path5"></span><span class="path6"></span><span class="path7"></span><span class="path8"></span><span class="path9"></span><span class="path10"></span><span class="path11"></span><span class="path12"></span><span class="path13"></span><span class="path14"></span><span class="path15"></span></span><span class="refinement-name">No lactose <span>(112)</span></span></label> </a> </li> <li id="rmi-dietaryneeds-id-1" class=""> <a link="/en/dairy-eggs/_/N-2+61+3798+60001+9003798+27000264?userSegment=50-percent+ScheduledCatchmentArea_3013+ScheduledCatchmentArea_PickupOnly+ScheduledCatchmentArea_SameDayPickup+ScheduledCatchmentArea_All-AB-BC+ScheduledCatchmentArea_Western+ScheduledCatchmentArea_Alberta+ScheduledCatchmentArea_WalmartPromo+ScheduledCatchmentArea_Skyfall" href="/en/dairy-eggs/N-3798+27000264" role="async" aria-label="No added sugars 296"> <input type="checkbox" id="chk-lifestyle &amp; dietary need-ref-1" name="No added sugars" value="No added sugars"> <label for="Lifestyle &amp; Dietary Need ref-1" class="dietary-refinement" )=""><i></i><span class="nutrition-icon icon-no-added-sugars" data-refinement-name="no added sugars"><span class="path1"></span><span class="path2"></span><span class="path3"></span><span class="path4"></span><span class="path5"></span><span class="path6"></span><span class="path7"></span><span class="path8"></span><span class="path9"></span><span class="path10"></span><span class="path11"></span><span class="path12"></span><span class="path13"></span><span class="path14"></span><span class="path15"></span></span><span class="refinement-name">No added sugars <span>(296)</span></span></label> </a> </li> <li id="rmi-dietaryneeds-id-2" class=""> <a link="/en/dairy-eggs/_/N-2+61+3798+60001+9003798+27000267?userSegment=50-percent+ScheduledCatchmentArea_3013+ScheduledCatchmentArea_PickupOnly+ScheduledCatchmentArea_SameDayPickup+ScheduledCatchmentArea_All-AB-BC+ScheduledCatchmentArea_Western+ScheduledCatchmentArea_Alberta+ScheduledCatchmentArea_WalmartPromo+ScheduledCatchmentArea_Skyfall" href="/en/dairy-eggs/N-3798+27000267" role="async" aria-label="No artificials 390"> <input type="checkbox" id="chk-lifestyle &amp; dietary need-ref-2" name="No artificials" value="No artificials"> <label for="Lifestyle &amp; Dietary Need ref-2" class="dietary-refinement" )=""><i></i><span class="nutrition-icon icon-no-artificials" data-refinement-name="no artificials"><span class="path1"></span><span class="path2"></span><span class="path3"></span><span class="path4"></span><span class="path5"></span><span class="path6"></span><span class="path7"></span><span class="path8"></span><span class="path9"></span><span class="path10"></span><span class="path11"></span><span class="path12"></span><span class="path13"></span><span class="path14"></span><span class="path15"></span></span><span class="refinement-name">No artificials <span>(390)</span></span></label> </a> </li> <li id="rmi-dietaryneeds-id-3" class=""> <a link="/en/dairy-eggs/_/N-2+61+3798+60001+9003798+27000269?userSegment=50-percent+ScheduledCatchmentArea_3013+ScheduledCatchmentArea_PickupOnly+ScheduledCatchmentArea_SameDayPickup+ScheduledCatchmentArea_All-AB-BC+ScheduledCatchmentArea_Western+ScheduledCatchmentArea_Alberta+ScheduledCatchmentArea_WalmartPromo+ScheduledCatchmentArea_Skyfall" href="/en/dairy-eggs/N-3798+27000269" role="async" aria-label="Vegan-friendly 53"> <input type="checkbox" id="chk-lifestyle &amp; dietary need-ref-3" name="Vegan-friendly" value="Vegan-friendly"> <label for="Lifestyle &amp; Dietary Need ref-3" class="dietary-refinement" )=""><i></i><span class="nutrition-icon icon-vegan-friendly" data-refinement-name="vegan-friendly"><span class="path1"></span><span class="path2"></span><span class="path3"></span><span class="path4"></span><span class="path5"></span><span class="path6"></span><span class="path7"></span><span class="path8"></span><span class="path9"></span><span class="path10"></span><span class="path11"></span><span class="path12"></span><span class="path13"></span><span class="path14"></span><span class="path15"></span></span><span class="refinement-name">Vegan-friendly <span>(53)</span></span></label> </a> </li> <li id="rmi-dietaryneeds-id-4" class=""> <a link="/en/dairy-eggs/_/N-2+61+3798+60001+9003798+27000261?userSegment=50-percent+ScheduledCatchmentArea_3013+ScheduledCatchmentArea_PickupOnly+ScheduledCatchmentArea_SameDayPickup+ScheduledCatchmentArea_All-AB-BC+ScheduledCatchmentArea_Western+ScheduledCatchmentArea_Alberta+ScheduledCatchmentArea_WalmartPromo+ScheduledCatchmentArea_Skyfall" href="/en/dairy-eggs/N-3798+27000261" role="async" aria-label="No milk 84"> <input type="checkbox" id="chk-lifestyle &amp; dietary need-ref-4" name="No milk" value="No milk"> <label for="Lifestyle &amp; Dietary Need ref-4" class="dietary-refinement" )=""><i></i><span class="nutrition-icon icon-no-milk" data-refinement-name="no milk"><span class="path1"></span><span class="path2"></span><span class="path3"></span><span class="path4"></span><span class="path5"></span><span class="path6"></span><span class="path7"></span><span class="path8"></span><span class="path9"></span><span class="path10"></span><span class="path11"></span><span class="path12"></span><span class="path13"></span><span class="path14"></span><span class="path15"></span></span><span class="refinement-name">No milk <span>(84)</span></span></label> </a> </li> <li><button class="button-text-like moreLess" link="/en/dairy-eggs/_/N-2+61+3798+60001+9003798?userSegment=50-percent+ScheduledCatchmentArea_3013+ScheduledCatchmentArea_PickupOnly+ScheduledCatchmentArea_SameDayPickup+ScheduledCatchmentArea_All-AB-BC+ScheduledCatchmentArea_Western+ScheduledCatchmentArea_Alberta+ScheduledCatchmentArea_WalmartPromo+ScheduledCatchmentArea_Skyfall&amp;showMoreIds=27000000">Show more...</button></li> </ul>
</div> <div id="rm-CustomerRating" class="refinement-menu open-by-default opened"> <button class="refinement-button" aria-live="polite" aria-label="Customer Rating filter Expanded" data-aria-open-label="Customer Rating Expanded" data-aria-closed-label="Customer Rating Collapsed">Customer Rating<span class="refinement-menu-toggle"></span></button> <ul> <li id="rmi-customerrating-id-0" class=""> <a link="/en/dairy-eggs/_/N-2+51+61+3798+60001+9003798?userSegment=50-percent+ScheduledCatchmentArea_3013+ScheduledCatchmentArea_PickupOnly+ScheduledCatchmentArea_SameDayPickup+ScheduledCatchmentArea_All-AB-BC+ScheduledCatchmentArea_Western+ScheduledCatchmentArea_Alberta+ScheduledCatchmentArea_WalmartPromo+ScheduledCatchmentArea_Skyfall" href="/en/dairy-eggs/N-51+3798" role="async" aria-label="5 stars 206"> <input type="checkbox" id="chk-customer rating-ref-0" name="5 stars" value="5 stars"> <label for="Customer Rating ref-0" )=""><i></i><div class="stars rating-filter-stars rating-5-stars rating-1-star" title="5 stars"> <b class="star"></b> <b class="star"></b> <b class="star"></b> <b class="star"></b> <b class="star"></b> </div> <span>(206)</span></label> </a> </li> <li id="rmi-customerrating-id-1" class=""> <a link="/en/dairy-eggs/_/N-2+52+61+3798+60001+9003798?userSegment=50-percent+ScheduledCatchmentArea_3013+ScheduledCatchmentArea_PickupOnly+ScheduledCatchmentArea_SameDayPickup+ScheduledCatchmentArea_All-AB-BC+ScheduledCatchmentArea_Western+ScheduledCatchmentArea_Alberta+ScheduledCatchmentArea_WalmartPromo+ScheduledCatchmentArea_Skyfall" href="/en/dairy-eggs/N-52+3798" role="async" aria-label="4 stars 76"> <input type="checkbox" id="chk-customer rating-ref-1" name="4 stars" value="4 stars"> <label for="Customer Rating ref-1" )=""><i></i><div class="stars rating-filter-stars rating-4-stars rating-1-star" title="4 stars"> <b class="star"></b> <b class="star"></b> <b class="star"></b> <b class="star"></b> <b class="star"></b> </div> <span>(76)</span></label> </a> </li> <li id="rmi-customerrating-id-2" class=""> <a link="/en/dairy-eggs/_/N-2+53+61+3798+60001+9003798?userSegment=50-percent+ScheduledCatchmentArea_3013+ScheduledCatchmentArea_PickupOnly+ScheduledCatchmentArea_SameDayPickup+ScheduledCatchmentArea_All-AB-BC+ScheduledCatchmentArea_Western+ScheduledCatchmentArea_Alberta+ScheduledCatchmentArea_WalmartPromo+ScheduledCatchmentArea_Skyfall" href="/en/dairy-eggs/N-53+3798" role="async" aria-label="3 stars 38"> <input type="checkbox" id="chk-customer rating-ref-2" name="3 stars" value="3 stars"> <label for="Customer Rating ref-2" )=""><i></i><div class="stars rating-filter-stars rating-3-stars rating-1-star" title="3 stars"> <b class="star"></b> <b class="star"></b> <b class="star"></b> <b class="star"></b> <b class="star"></b> </div> <span>(38)</span></label> </a> </li> <li id="rmi-customerrating-id-3" class=""> <a link="/en/dairy-eggs/_/N-2+55+61+3798+60001+9003798?userSegment=50-percent+ScheduledCatchmentArea_3013+ScheduledCatchmentArea_PickupOnly+ScheduledCatchmentArea_SameDayPickup+ScheduledCatchmentArea_All-AB-BC+ScheduledCatchmentArea_Western+ScheduledCatchmentArea_Alberta+ScheduledCatchmentArea_WalmartPromo+ScheduledCatchmentArea_Skyfall" href="/en/dairy-eggs/N-55+3798" role="async" aria-label="1 stars 10"> <input type="checkbox" id="chk-customer rating-ref-3" name="1 stars" value="1 stars"> <label for="Customer Rating ref-3" )=""><i></i><div class="stars rating-filter-stars rating-1-stars rating-1-star" title="1 stars"> <b class="star"></b> <b class="star"></b> <b class="star"></b> <b class="star"></b> <b class="star"></b> </div> <span>(10)</span></label> </a> </li> <li id="rmi-customerrating-id-4" class=""> <a link="/en/dairy-eggs/_/N-2+54+61+3798+60001+9003798?userSegment=50-percent+ScheduledCatchmentArea_3013+ScheduledCatchmentArea_PickupOnly+ScheduledCatchmentArea_SameDayPickup+ScheduledCatchmentArea_All-AB-BC+ScheduledCatchmentArea_Western+ScheduledCatchmentArea_Alberta+ScheduledCatchmentArea_WalmartPromo+ScheduledCatchmentArea_Skyfall" href="/en/dairy-eggs/N-54+3798" role="async" aria-label="2 stars 9"> <input type="checkbox" id="chk-customer rating-ref-4" name="2 stars" value="2 stars"> <label for="Customer Rating ref-4" )=""><i></i><div class="stars rating-filter-stars rating-2-stars rating-1-star" title="2 stars"> <b class="star"></b> <b class="star"></b> <b class="star"></b> <b class="star"></b> <b class="star"></b> </div> <span>(9)</span></label> </a> </li> </ul>
</div> <div id="rm-BestSellers" class="refinement-menu open-by-default opened"> <button class="refinement-button" aria-live="polite" aria-label="Bestsellers filter Expanded" data-aria-open-label="Bestsellers Expanded" data-aria-closed-label="Bestsellers Collapsed">Bestsellers<span class="refinement-menu-toggle"></span></button> <ul> <li id="rmi-bestsellers-id-0" class=""> <a link="/en/dairy-eggs/_/N-2+61+3798+40601+60001+9003798?userSegment=50-percent+ScheduledCatchmentArea_3013+ScheduledCatchmentArea_PickupOnly+ScheduledCatchmentArea_SameDayPickup+ScheduledCatchmentArea_All-AB-BC+ScheduledCatchmentArea_Western+ScheduledCatchmentArea_Alberta+ScheduledCatchmentArea_WalmartPromo+ScheduledCatchmentArea_Skyfall" href="/en/dairy-eggs/N-3798+40601" role="async" aria-label="Bestsellers 669"> <input type="checkbox" id="chk-bestsellers-ref-0" name="Bestsellers" value="Bestsellers"> <label for="Bestsellers ref-0" )=""><i></i><span class="refinement-name">Bestsellers <span>(669)</span></span></label> </a> </li> </ul>
</div> <div id="rm-NewArrivals" class="refinement-menu open-by-default opened"> <button class="refinement-button" aria-live="polite" aria-label="New Arrivals filter Expanded" data-aria-open-label="New Arrivals Expanded" data-aria-closed-label="New Arrivals Collapsed">New Arrivals<span class="refinement-menu-toggle"></span></button> <ul> <li id="rmi-newarrivals-id-0" class=""> <a link="/en/dairy-eggs/_/N-2+61+3798+60001+82002+9003798?userSegment=50-percent+ScheduledCatchmentArea_3013+ScheduledCatchmentArea_PickupOnly+ScheduledCatchmentArea_SameDayPickup+ScheduledCatchmentArea_All-AB-BC+ScheduledCatchmentArea_Western+ScheduledCatchmentArea_Alberta+ScheduledCatchmentArea_WalmartPromo+ScheduledCatchmentArea_Skyfall" href="/en/dairy-eggs/N-3798+82002" role="async" aria-label="New Arrivals 16"> <input type="checkbox" id="chk-new arrivals-ref-0" name="New Arrivals" value="New Arrivals"> <label for="New Arrivals ref-0" )=""><i></i><span class="refinement-name">New Arrivals <span>(16)</span></span></label> </a> </li> </ul>
</div> <div id="rm-Price" class="refinement-menu closed-by-default closed"> <button class="refinement-button" aria-live="polite" aria-label="Price filter Collapsed" data-aria-open-label="Price Expanded" data-aria-closed-label="Price Collapsed">Price<span class="refinement-menu-toggle"></span></button> <ul> <li id="rmi-price-id-0" class=""> <a link="/en/dairy-eggs/_/N-2+61+3798+40099+60001+9003798?userSegment=50-percent+ScheduledCatchmentArea_3013+ScheduledCatchmentArea_PickupOnly+ScheduledCatchmentArea_SameDayPickup+ScheduledCatchmentArea_All-AB-BC+ScheduledCatchmentArea_Western+ScheduledCatchmentArea_Alberta+ScheduledCatchmentArea_WalmartPromo+ScheduledCatchmentArea_Skyfall" href="/en/dairy-eggs/N-3798+40099" role="async" aria-label="Under $1 10"> <input type="checkbox" id="chk-price-ref-0" name="Under $1" value="Under $1"> <label for="Price ref-0" )=""><i></i><span class="refinement-name">Under $1 <span>(10)</span></span></label> </a> </li> <li id="rmi-price-id-1" class=""> <a link="/en/dairy-eggs/_/N-2+61+3798+40098+60001+9003798?userSegment=50-percent+ScheduledCatchmentArea_3013+ScheduledCatchmentArea_PickupOnly+ScheduledCatchmentArea_SameDayPickup+ScheduledCatchmentArea_All-AB-BC+ScheduledCatchmentArea_Western+ScheduledCatchmentArea_Alberta+ScheduledCatchmentArea_WalmartPromo+ScheduledCatchmentArea_Skyfall" href="/en/dairy-eggs/N-3798+40098" role="async" aria-label="$1 - $3 129"> <input type="checkbox" id="chk-price-ref-1" name="$1 - $3" value="$1 - $3"> <label for="Price ref-1" )=""><i></i><span class="refinement-name">$1 - $3 <span>(129)</span></span></label> </a> </li> <li id="rmi-price-id-2" class=""> <a link="/en/dairy-eggs/_/N-2+61+3798+40097+60001+9003798?userSegment=50-percent+ScheduledCatchmentArea_3013+ScheduledCatchmentArea_PickupOnly+ScheduledCatchmentArea_SameDayPickup+ScheduledCatchmentArea_All-AB-BC+ScheduledCatchmentArea_Western+ScheduledCatchmentArea_Alberta+ScheduledCatchmentArea_WalmartPromo+ScheduledCatchmentArea_Skyfall" href="/en/dairy-eggs/N-3798+40097" role="async" aria-label="$3 - $5 301"> <input type="checkbox" id="chk-price-ref-2" name="$3 - $5" value="$3 - $5"> <label for="Price ref-2" )=""><i></i><span class="refinement-name">$3 - $5 <span>(301)</span></span></label> </a> </li> <li id="rmi-price-id-3" class=""> <a link="/en/dairy-eggs/_/N-2+61+3798+40096+60001+9003798?userSegment=50-percent+ScheduledCatchmentArea_3013+ScheduledCatchmentArea_PickupOnly+ScheduledCatchmentArea_SameDayPickup+ScheduledCatchmentArea_All-AB-BC+ScheduledCatchmentArea_Western+ScheduledCatchmentArea_Alberta+ScheduledCatchmentArea_WalmartPromo+ScheduledCatchmentArea_Skyfall" href="/en/dairy-eggs/N-3798+40096" role="async" aria-label="$5 - $10 209"> <input type="checkbox" id="chk-price-ref-3" name="$5 - $10" value="$5 - $10"> <label for="Price ref-3" )=""><i></i><span class="refinement-name">$5 - $10 <span>(209)</span></span></label> </a> </li> <li id="rmi-price-id-4" class=""> <a link="/en/dairy-eggs/_/N-2+61+3798+40095+60001+9003798?userSegment=50-percent+ScheduledCatchmentArea_3013+ScheduledCatchmentArea_PickupOnly+ScheduledCatchmentArea_SameDayPickup+ScheduledCatchmentArea_All-AB-BC+ScheduledCatchmentArea_Western+ScheduledCatchmentArea_Alberta+ScheduledCatchmentArea_WalmartPromo+ScheduledCatchmentArea_Skyfall" href="/en/dairy-eggs/N-3798+40095" role="async" aria-label="$10 - $20 23"> <input type="checkbox" id="chk-price-ref-4" name="$10 - $20" value="$10 - $20"> <label for="Price ref-4" )=""><i></i><span class="refinement-name">$10 - $20 <span>(23)</span></span></label> </a> </li> </ul>
</div> <a name="skip-guided-navigation" id="skip-guided-navigation" class="visually-hidden" tabindex="-1"></a> </nav> </div> <div class="zone zone3 wgrid-8of12 wgrid-4of8 wgrid-4of4"> <div class="html-cartridge banana-category-tiles-fix-css"> 
</div> <div class="media-banner row desktop-only" data-component-type="media-banner" role="complementary" aria-label="Banner Advertising"> <picture> <source media="(max-width: 959px)" srcset="data:image/gif;base64,R0lGODlhAQABAIAAAAAAAP///yH5BAEAAAAALAAAAAABAAEAAAIBRAA7"> <source media="(min-width: 960px)" srcset="//i.walmartimages.ca/img/category/grocery/hero/2019/Week22/Dairyland/MH08B_WMS_OG-Dairyland-Desktop_20190620_E.jpg"> <img alt="Dairyland - We're back! Made with 100% Canadian milk" title="Dairyland - We're back! Made with 100% Canadian milk" class="" contentwidth="930" contentheight="75" src="//i.walmartimages.ca/img/category/grocery/hero/2019/Week22/Dairyland/MH08B_WMS_OG-Dairyland-Desktop_20190620_E.jpg"> </picture> </div> <div class="media-banner row tablet-only" data-component-type="media-banner" role="complementary" aria-label="Banner Advertising"> <picture> <source media="(max-width: 639px)" srcset="data:image/gif;base64,R0lGODlhAQABAIAAAAAAAP///yH5BAEAAAAALAAAAAABAAEAAAIBRAA7"> <source media="(min-width:640px) and (max-width:959px)" srcset="//i.walmartimages.ca/img/category/grocery/hero/2019/Week22/Dairyland/MH08B_WMS_OG-Dairyland-Tablet_20190620_E.jpg"> <source media="(min-width: 960px)" srcset="data:image/gif;base64,R0lGODlhAQABAIAAAAAAAP///yH5BAEAAAAALAAAAAABAAEAAAIBRAA7"> <img alt="Dairyland - We're back! Made with 100% Canadian milk" title="Dairyland - We're back! Made with 100% Canadian milk" class="" contentwidth="690" contentheight="75" src="//i.walmartimages.ca/img/category/grocery/hero/2019/Week22/Dairyland/MH08B_WMS_OG-Dairyland-Tablet_20190620_E.jpg"> </picture> </div> <div class="html-cartridge Link">  <div class="tileGenV2_wrapper tenCol " id="rTulecE" style="display:none"> <div class="tile desktop4 tablet3 mobile3 categoryTile lifestyle_image"> <a href="/en/grocery/dairy-eggs/milk-cream/N-3851"> <article style="background-image:url(//i.walmartimages.ca/img/category/grocery/hero/2019/Week22/CT-Dairy-Eggs/CT_WMS_OG-Dairy-Milk-Cream_20190620_E.jpg);" title="Milk &amp; cream"> <h3>Milk &amp; cream</h3> </article> <div class="imgtile_title"><span><span class="chevron_white"></span>Milk &amp; cream</span> </div> </a> </div> <div class="tile desktop4 tablet3 mobile3 categoryTile lifestyle_image"> <a href="/en/grocery/dairy-eggs/cheese/N-3849"> <article style="background-image:url(//i.walmartimages.ca/img/category/grocery/hero/2019/Week22/CT-Dairy-Eggs/CT_WMS_OG-Dairy-Cheese_20190620_E.jpg);" title="Cheese"> <h3>Cheese</h3> </article> <div class="imgtile_title"><span><span class="chevron_white"></span>Cheese</span> </div> </a> </div> <div class="tile desktop4 tablet3 mobile3 categoryTile lifestyle_image"> <a href="/en/grocery/dairy-eggs/yogurt/N-3853"> <article style="background-image:url(//i.walmartimages.ca/img/category/grocery/hero/2019/Week22/CT-Dairy-Eggs/CT_WMS_OG-Dairy-Yogurt_20190620_E.jpg);" title="Yogurt"> <h3>Yogurt</h3> </article> <div class="imgtile_title"><span><span class="chevron_white"></span>Yogurt</span> </div> </a> </div> <div class="tile desktop4 tablet3 mobile3 categoryTile lifestyle_image"> <a href="/en/grocery/dairy-eggs/eggs/N-3850"> <article style="background-image:url(//i.walmartimages.ca/img/category/grocery/hero/2019/Week22/CT-Dairy-Eggs/CT_WMS_OG-Dairy-Eggs_20190620_E.jpg);" title="Eggs"> <h3>Eggs</h3> </article> <div class="imgtile_title"><span><span class="chevron_white"></span>Eggs</span> </div> </a> </div>
<div class="tile desktop4 tablet3 mobile3 categoryTile lifestyle_image"><a href="/en/grocery/dairy-eggs/butter-margarine/N-3847"><article style="background-image:url(//i.walmartimages.ca/img/category/grocery/hero/2019/Week22/CT-Dairy-Eggs/CT_WMS_OG-Dairy-Butter-Margarine_20190620_E.jpg);" title="Butter &amp; margarine"><h3>Butter &amp; margarine</h3></article><div class="imgtile_title"><span><span class="chevron_white"></span>Butter &amp; margarine</span></div></a></div> <div class="tile desktop4 tablet3 mobile3 categoryTile lifestyle_image"><a href="/en/grocery/dairy-eggs/pudding-gelatin/N-4527"><article style="background-image:url(//i.walmartimages.ca/img/category/grocery/hero/2019/Week22/CT-Dairy-Eggs/CT_WMS_OG-Dairy-Pudding-Gelatin_20190620_E.jpg);" title="Pudding &amp; gelatin"><h3>Pudding &amp; gelatin</h3></article><div class="imgtile_title"><span><span class="chevron_white"></span>Pudding &amp; gelatin</span></div></a></div> <div class="tile desktop4 tablet3 mobile3 categoryTile lifestyle_image"><a href="/en/grocery/dairy-eggs/refrigerated-doughs-crusts/N-4531"><article style="background-image:url(//i.walmartimages.ca/img/category/grocery/hero/2019/Week22/CT-Dairy-Eggs/CT_WMS_OG-Dairy-Dough-Crusts_20190620_E.jpg);" title="Refrigerated doughs &amp; crusts"><h3>Refrigerated doughs &amp; crusts</h3></article><div class="imgtile_title"><span><span class="chevron_white"></span>Refrigerated doughs &amp; crusts</span></div></a></div> <div class="tile desktop4 tablet3 mobile3 categoryTile lifestyle_image"><a href="/en/grocery/dairy-eggs/sour-cream-chip-dips/N-3848"><article style="background-image:url(//i.walmartimages.ca/img/category/grocery/hero/2019/Week22/CT-Dairy-Eggs/CT_WMS_OG-Dairy-SourCream-Dips_20190620_E.jpg);" title="Sour cream &amp; chip dips"><h3>Sour cream &amp; chip dips</h3></article><div class="imgtile_title"><span><span class="chevron_white"></span>Sour cream &amp; chip dips</span></div></a></div></div>
</div>
<div class="html-cartridge Link">  <section id="magTitle1"> <div class="centeredText"> <h2><span> Your life. Your food. <br class="mobile-only">Your way.</span></h2>
</div>
</section> <section id="magbox1"> <p>Use our filter to find food that’s suitable for your unique lifestyle and dietary needs. It’s never been easier!</p> <div class="tileGenV2_wrapper mobile35" id="rvkLqxf" style="display:none"> <div class="media-tracking tile desktop6 tablet3 mobile2 categoryTile regular_image"><a href="/en/grocery/N-3798+27000260"><article style="background-image:url(//i.walmartimages.ca/img/category/grocery/hero/2019/Week40/Dietary-Needs/CUS_WMS_OG-DN-No-Lactose_20191024_Desktop_E.gif);" title="No lactose"><h3>No lactose</h3></article><div class="imgtile_title"><span><span class="chevron_white"></span>No lactose</span></div></a></div> <div class="media-tracking tile desktop6 tablet3 mobile2 categoryTile regular_image"><a href="/en/grocery/N-3798+27000264"><article style="background-image:url(//i.walmartimages.ca/img/category/grocery/hero/2019/Week40/Dietary-Needs/CUS_WMS_OG-DN-No-Sugar_20191024_Desktop_E.gif);" title="No added sugars"><h3>No added sugars</h3></article><div class="imgtile_title"><span><span class="chevron_white"></span>No added sugars</span></div></a></div> <div class="media-tracking tile desktop6 tablet3 mobile2 categoryTile regular_image"><a href="/en/grocery/N-3798+27000267"><article style="background-image:url(//i.walmartimages.ca/img/category/grocery/hero/2019/Week40/Dietary-Needs/CUS_WMS_OG-DN-No-Artificials_20191024_Desktop_E.gif);" title="No artificials"><h3>No artificials</h3></article><div class="imgtile_title"><span><span class="chevron_white"></span>No artificials</span></div></a></div> <div class="media-tracking tile desktop6 tablet3 mobile2 categoryTile regular_image"><a href="/en/grocery/N-3798+27000268"><article style="background-image:url(//i.walmartimages.ca/img/category/grocery/hero/2019/Week40/Dietary-Needs/CUS_WMS_OG-DN-Vegetarian_20191024_Desktop_E.gif);" title="Vegetarian-friendly"><h3>Vegetarian-friendly</h3></article><div class="imgtile_title"><span><span class="chevron_white"></span>Vegetarian-friendly</span></div></a></div> <div class="media-tracking tile desktop6 tablet3 mobile2 categoryTile regular_image"><a href="/en/grocery/N-3798+27000007"><article style="background-image:url(//i.walmartimages.ca/img/category/grocery/hero/2019/Week40/Dietary-Needs/CUS_WMS_OG-DN-Kosher_20191024_Desktop_E.gif);" title="Kosher"><h3>Kosher</h3></article><div class="imgtile_title"><span><span class="chevron_white"></span>Kosher</span></div></a></div> <div class="media-tracking tile desktop6 tablet3 mobile2 categoryTile regular_image"><a href="/en/grocery/N-3798+27000252"><article style="background-image:url(//i.walmartimages.ca/img/category/grocery/hero/2019/Week40/Dietary-Needs/CUS_WMS_OG-DN-No-Soy_20191024_Desktop_E.gif);" title="No soy"><h3>No soy</h3></article><div class="imgtile_title"><span><span class="chevron_white"></span>No soy</span></div></a></div>
</div> <p style="padding-top:2rem">These filters do not replace medical, nutritional or other healthcare advice. Always read the label. See <a href="/en/help/legal#TermsofUse">Terms of Use</a> for more details.</p> </section>
</div> <section class="dfp-adspot" role="complementary" aria-label="Banner Advertising"> <div class="dfp-title"> <aside class="dfp-wrap"> <div class="dfp-shrink-wrap dfp-is-empty" style="width: 320px; "> <div class="dfp-placeholder" style="padding-bottom: 50px"></div> <div class="dfp-loader"></div> <div id="Mobile_Ad_320_x_50_1_80f7f3e8" class="DFPAd DFPAd-regular " data-dfpindex="1"> <script>
									
									var adObj = {
										"adName": "Mobile_Ad_320_x_50",
										"adMinViewportWidth": 300,
										"adMaxViewportWidth": 727,
										"adWidth": 320,
										"adHeight": 50,
										"adPos": "Mobile_Ad_320_x_50_1_80f7f3e8",
										"adFoldLocation": "ATF",
										"cartridgeIndex": "1",
										"isFluid": false,
										"adCallout": true,
										"targetName": "",
										"fullbleed": false
									};

									var adEl = document.getElementById(adObj.adPos);

									// defers load of dfp ads in bxslider to avoid load order issues
									var isInSlideShow = adEl.closest(".slideshow-bxslider");
									
									if(isInSlideShow) {
										deferredAdsList[adObj.adPos] = adObj;
									} else if ((walmart.context.pageType === "search" || walmart.context.pageType === "browse")
											&& adEl.closest("#main-wrap")) {
										// only ads in the main content section need to be deferred because of the ajax refresh and dom reorg on these pages
										deferDFPAd(adObj)
									} else {
										initDFPAd(adObj);
									}
								</script> </div> <a class="ad-callout" href="/en/help/legal#Aboutourads">AdChoices</a> </div> <div class="dfp-shrink-wrap dfp-is-loaded" style="width: 728px; "> <div class="dfp-placeholder" style="padding-bottom: 90px"></div> <div class="dfp-loader"></div> <div id="Leaderboard_728_x_90_2_80f7f3e8" class="DFPAd DFPAd-regular " data-dfpindex="1" data-google-query-id="COOkjKDqlO0CFcuwfgodxa0LbQ">  <div id="google_ads_iframe_/10337976/en/grocery/grocery/dairy-eggs_2__container__" style="border: 0pt none;"><iframe id="google_ads_iframe_/10337976/en/grocery/grocery/dairy-eggs_2" title="3rd party ad content" name="google_ads_iframe_/10337976/en/grocery/grocery/dairy-eggs_2" width="728" height="90" scrolling="no" marginwidth="0" marginheight="0" frameborder="0" srcdoc="" data-google-container-id="3" style="border: 0px; vertical-align: bottom;" data-load-complete="true"></iframe></div></div> </div> </aside> </div>
</section> <section id="shelf-page" class="row" role="complementary" aria-label="Products" data-analytics-type="search-level" data-analytics-value="level1_en"> <div id="shelf-sort-wrap"> <div id="shelf-sort" class="mobile-hide"> <!-- Needs to init sorting functionality and page refresh --> <ul class="wgrid-4w4 wgrid-6w6 marg-l-0 marg-r-0"> <li class="available-online"> <div class="a-toggle-switch "> <div aria-label="inStoreToggle" class="a-toggle-switch__disabledContainer"> <div class="a-toggle-switch__button"> <span class="a-toggle-switch__slider a-toggle-switch--rounded a-toggle-switch--disabled"></span> </div> <span class="a-toggle-switch__label a-toggle-switch--disabled">Available in stores</span> </div> </div> </li> <li class="sort"><span>Sort by:</span></li> <li class="newest"><a href="?sortBy=newest&amp;orderBy=DESC" data-original="?sortBy=newest&amp;orderBy=ASC" analytics-trigger="sort" analytics-data="sortProducts" aria-label="Sort products by Newest">Newest<span></span></a></li> <li class="rating"><a href="?sortBy=rating&amp;orderBy=DESC" data-original="?sortBy=rating&amp;orderBy=ASC" analytics-trigger="sort" analytics-data="sortProducts" aria-label="Sort products by Rating">Rating<span></span></a></li> <li class="price"><a href="?sortBy=price&amp;orderBy=ASC" data-original="?sortBy=price&amp;orderBy=ASC" analytics-trigger="sort" analytics-data="sortProducts" aria-label="Sort products by Price in ascending order">Price<span></span></a></li> <li class="popular"><a href="?sortBy=popular&amp;orderBy=DESC" data-original="?sortBy=popular&amp;orderBy=ASC" analytics-trigger="sort" analytics-data="sortProducts" aria-label="Sort products by Popular">Popular<span></span></a></li> </ul> </div> <span id="shelf-sort-count" class="wgrid-2w4 wgrid-6w6  marg-r-0"><span class="first-rec-num">1</span> - <span class="last-rec-num">60</span> of <span class="total-num-recs">672</span> items</span> <div class="clear-b"></div> </div> <div id="shelf-bundle-wrap" class="hide"> <div id="shelf-bundle-wrap-borders">&nbsp;</div> <span id="shelf-bundle-count">672 items in this bundle</span> </div> <div id="shelf-thumbs" class=""> <script>
	(function() {

		var walmartData = window.walmartData || {};

		var walmart = window.walmart = window.walmart || {};
		walmart.context = walmart.context = walmart.context || {};

		var productData = walmart.context.productQueryData = walmart.context.productQueryData || {};
		var resultsLists = productData.resultsLists = productData.resultsLists || [];
		resultsLists.push({"6000201423066":[{"sku":"6000201423067","upc":[]}],"6000201233923":[{"sku":"6000201233924","upc":[]}],"19177":[{"sku":"19178","upc":[]}],"6000195508948":[{"sku":"6000195508949","upc":[]}],"6000199838553":[{"sku":"6000199838554","upc":[]}],"6000001843812":[{"sku":"10286906","upc":[]}],"6000001843797":[{"sku":"10287483","upc":[]}],"6000075688886":[{"sku":"10183990","upc":[]}],"6000100601594":[{"sku":"10221381","upc":[]}],"6000056691102":[{"sku":"10152910","upc":[]}],"6000100070546":[{"sku":"10220526","upc":[]}],"6000001848205":[{"sku":"10287269","upc":[]}],"6000201734274":[{"sku":"6000201734275","upc":[]}],"6000201734398":[{"sku":"6000201734399","upc":[]}],"6000001850463":[{"sku":"10054562","upc":[]}],"6000069571541":[{"sku":"10171377","upc":[]}],"6000016935598":[{"sku":"206399","upc":[]}],"6000201234475":[{"sku":"6000201234476","upc":[]}],"6000001848204":[{"sku":"10287296","upc":[]}],"6000001849020":[{"sku":"10286933","upc":[]}],"6000091056750":[{"sku":"10207024","upc":[]}],"6000023483943":[{"sku":"10052944","upc":[]}],"6000001848203":[{"sku":"10287243","upc":[]}],"6000198861640":[{"sku":"6000198861641","upc":[]}],"6000075688975":[{"sku":"10183863","upc":[]}],"6000161803982":[{"sku":"10313753","upc":[]}],"6000001843486":[{"sku":"10286810","upc":[]}],"6000066827536":[{"sku":"10165982","upc":[]}],"6000023804492":[{"sku":"10053807","upc":[]}],"6000001843132":[{"sku":"206001","upc":[]}],"6000079800063":[{"sku":"10189652","upc":[]}],"6000074943667":[{"sku":"10182441","upc":[]}],"6000196397989":[{"sku":"6000196397990","upc":[]}],"6000023803917":[{"sku":"10054933","upc":[]}],"6000198628470":[{"sku":"6000198628471","upc":[]}],"6000201734277":[{"sku":"6000201734278","upc":[]}],"6000201085803":[{"sku":"6000201085804","upc":[]}],"6000075688855":[{"sku":"10183930","upc":[]}],"6000001843865":[{"sku":"10287021","upc":[]}],"6000001843483":[{"sku":"10287035","upc":[]}],"6000074943776":[{"sku":"10182375","upc":[]}],"6000079800122":[{"sku":"10189709","upc":[]}],"6000137479821":[{"sku":"10287650","upc":[]}],"6000191275454":[{"sku":"6000191275455","upc":[]}],"6000196210378":[{"sku":"6000196210379","upc":[]}],"6000196823232":[{"sku":"6000196823233","upc":[]}],"6000077654180":[{"sku":"10186812","upc":[]}],"6000194056994":[{"sku":"6000194056995","upc":[]}],"6000001843796":[{"sku":"10287613","upc":[]}],"6000016937326":[{"sku":"207065","upc":[]}],"6000075688907":[{"sku":"10183748","upc":[]}],"6000091056539":[{"sku":"10207134","upc":[]}],"6000196823899":[{"sku":"6000196823900","upc":[]}],"6000194034104":[{"sku":"6000194034105","upc":[]}],"6000056691117":[{"sku":"10153003","upc":[]}],"6000001843135":[{"sku":"10287007","upc":[]}],"6000201080227":[{"sku":"6000201080228","upc":[]}],"6000196397985":[{"sku":"6000196397986","upc":[]}],"6000201734271":[{"sku":"6000201734272","upc":[]}],"6000201080299":[{"sku":"6000201080300","upc":[]}]});

	})();
</script> <div class="shelf-thumbs pnoDone" analytics-trigger="shelf-products" analytics-data="shelf-visually-complete-price" data-pageid="1" data-uniquecartridgeindex="rlc-7eedc859"> <input type="hidden" value=""> <!-- ko with: selectedVariant('6000023483943') -->
<article class="dynamic-cart-thumb stock-up-thumb product thumb-10052944 wgrid-2wAny marg-l-0" id="thumb-10052944" data-bind="css: { 'qty-toggle': $root.findCartItemByRollupId('6000023483943') }" data-rollup-id="6000023483943" data-automation="stock-up-thumb"> <div class="thumb-inner-wrap nutrition-enable nutrition-icon-enable"> <a class="product-link" data-bind="click: function() {$root.navigateToPip($data.availability().statusOnline.viewGroceryEligible &amp;&amp; $root.siteExperience() == 'gm', '/en/ip/great-value-large-eggs/6000023483943')}, attr: {href: !($data.availability().statusOnline.viewGroceryEligible &amp;&amp; $root.siteExperience() == 'gm') ? '/en/ip/great-value-large-eggs/6000023483943' : ''}" href="/en/ip/great-value-large-eggs/6000023483943"> <div class="badge-container"> <!-- ko template: { name: 'product-badges', if: !!$data.badgesAnalytics(), data: { badges: badges, badgesAnalytics: badgesAnalytics, screenReaderHidden : true } } -->
	<div class="badges" data-analytics-type="badges" data-bind="{ attr: { 'data-analytics-value': $data.badgesAnalytics(), 'aria-hidden' : $data.screenReaderHidden }, css : {'only-for-screen-reader' : !$data.screenReaderHidden} }" data-analytics-value="Exclusive" aria-hidden="true">
		<!-- ko foreach: { data: $data.badges, as: 'badge' } -->
			<!--ko ifnot: badge.isMultiSave -->
			<span class="badge" data-bind="text: badge.text, style: { color: badge.foregroundColor, background: badge.backgroundColor, border: badge.outlineColor }, attr: { id: badge.id, 'aria-label': 'On ' + badge.text + '.' }" id="Walmart Exclusive" aria-label="On Exclusive." style="color: rgb(0, 114, 206); background: rgb(255, 255, 255); border: 1px solid rgb(0, 114, 206);">Exclusive</span>
			<!--/ko-->
		
			<!--ko if: badge.isMultiSave--><!--/ko-->
		
		<!--/ko-->
	</div>
<!-- /ko --> <!-- ko ifnot: $data.badgesAnalytics() --><!-- /ko --> </div> <div aria-hidden="true" data-bind="template: { name: 'dynamic-thumb-qty-template', data: {item: $root.findCartItemByRollupId('6000023483943'), variants: 1 }}">

	<!--ko if: $data.item != null --><!-- /ko -->
</div> <div class="centered-img"> <div class="cmp-atc-thmb-wrp"> <span class="cmp-atc-thmb-state">✔</span><span class="cmp-atc-thmb-copy mobile-hide"></span> </div> <div class="centered-img-wrap"> <img alt="" class="image lazy-img" src="data:image/gif;base64,R0lGODlhAQABAIAAAAAAAP///yH5BAEAAAAALAAAAAABAAEAAAIBRAA7" data-original="//i5.walmartimages.ca/images/Thumbnails/924/227/6000197924227.jpg?odnBound=200" width="200" height="200"> </div> </div> <div class="product-details-container"> <div class="details"> <div class="title" aria-label="Great Value Large Eggs."> <h2 class="thumb-header">Great Value Large Eggs</h2> </div> <!-- ko template: { name: 'product-badges', if: !!$data.badgesAnalytics(), data: { badges: badges, badgesAnalytics: badgesAnalytics, screenReaderHidden : false } } -->
	<div class="badges only-for-screen-reader" data-analytics-type="badges" data-bind="{ attr: { 'data-analytics-value': $data.badgesAnalytics(), 'aria-hidden' : $data.screenReaderHidden }, css : {'only-for-screen-reader' : !$data.screenReaderHidden} }" data-analytics-value="Exclusive">
		<!-- ko foreach: { data: $data.badges, as: 'badge' } -->
			<!--ko ifnot: badge.isMultiSave -->
			<span class="badge" data-bind="text: badge.text, style: { color: badge.foregroundColor, background: badge.backgroundColor, border: badge.outlineColor }, attr: { id: badge.id, 'aria-label': 'On ' + badge.text + '.' }" id="Walmart Exclusive" aria-label="On Exclusive." style="color: rgb(0, 114, 206); background: rgb(255, 255, 255); border: 1px solid rgb(0, 114, 206);">Exclusive</span>
			<!--/ko-->
		
			<!--ko if: badge.isMultiSave--><!--/ko-->
		
		<!--/ko-->
	</div>
<!-- /ko --> <div class="only-for-screen-reader" data-bind="template: { name: 'dynamic-thumb-qty-template-only-for-screen-reader', data: {item: $root.findCartItemByRollupId('6000023483943'), variants: 1 }}">

	<!--ko if: $data.item != null --><!-- /ko -->
</div> <div class="description" aria-label="12 Count."> 12 Count </div> <div class="fade"></div> </div> <div class="ratings" data-automation="stock-up-ratings"> <div class="stars rating-4_0" aria-label="This product is rated 4 stars out of 5 stars," data-bind="template: { name: 'star-ratings' }">
	 <i class="star"></i>  <i class="star"></i>  <i class="star"></i>  <i class="star"></i>  <i class="star"></i> 
</div> <span class="review-count" aria-label="based on 23 reviews.">23 Reviews</span> <div class="fade"></div> </div> <div class="pricing-spacer" data-bind="component: { name: 'was-pricing', params: availability().pricing }"><div class="price-was" data-bind="html: wasPriceDisplay"></div><div class="price-cover"></div><div class="price-cover-percent"></div><div class="price-unit" data-bind="template: {name: &quot;price-per-unit-tooltip-template&quot;, data: pricePerUnit, afterRender: $root.initPricingPopup }">
	<a class="popup-opener popup-align-left price-unit-tooltip" data-title-headline="" data-title="This is a unit of measurement to help you compare the value of this item. Please know, this is not the price of the item itself." data-bind="text: $data, attr:{'aria-label' : '. Price is measured as ' + $data}" aria-label=". Price is measured as 26¢/each">26¢/each</a>
</div></div> <span class="all-price-sections"> <!-- ko ifnot: availability().pricing.mapPrice --> <div class="only-for-screen-reader" id="price">Price</div> <div class="price-current" data-bind="component: { name: 'current-pricing', params: { price: availability().pricing, simpleFormatting: true } }, css: { ranged: availability().pricing.ranged }"><div data-bind="possibleRangedCurrencyText: { data: price, simpleFormatting: simpleFormatting } "><span>$</span>3.13</div><div data-bind="template: {name: &quot;analytics-price-template&quot;, data: price, afterRender: $root.initVariableWeightPopup }">
	<span style="display:none;" data-analytics-type="product-price" class="product-price-analytics" data-analytics-value="3.13" data-bind="attr: { 'data-analytics-value': $data }">
	</span>
</div></div> <!-- /ko --> <!-- ko if: availability().pricing.mapPrice --><!-- /ko --> </span> </div> </a> <!-- ko if: true --> <div class="flyout-menu-trigger product-nutritionInfo" id="tooltip-6000023483943" aria-describedby="tooltip-desc-6000023483943" role="tooltip"> <button class="product-nutritionInfo-icon nutrition-icon-visible" aria-label="Nutritional Icon"></button> <div class="flyout-menu-wrap" analytics-trigger="analytics-ghs" analytics-data="ingredients" aria-expanded="false"> <button class="closeButton" aria-label="Nutritional Close"></button> <i class="arrow up"></i> <div class="flyout-menu-content"> <h3>Ingredients</h3> <div class="ingredients_content"> <p class="dietaryInfo" id="6000023483943"></p> </div> </div> </div> </div> <!-- /ko --> <div class="cart-qty-wrap"> <div class="floater"> <!-- ko ifnot : $root.findCartItemByRollupId('6000023483943') --> <!-- ko template: {
						name: 'a2c-or-next-order-button',
						data: {
							selectedVariant: $data,
							amendableOrder: $data.amendableOrder(),
							CTA: $data.CTA(),
							viewGrocery: $data.availability().statusOnline.viewGroceryEligible && $root.siteExperience() == "gm",
							detailUrl: "/en/ip/great-value-large-eggs/6000023483943",
							trackingUrl: "",
							clickBeacon: ""
						}
					}
					-->
	<!-- ko if: $data.amendableOrder.allCallsAreSynchronized -->
		<!-- ko if: $data.amendableOrder.show --><!-- /ko -->

		<!-- ko ifnot: $data.amendableOrder.show -->

			
			<!-- ko if: $data.CTA.hasAvailableStatus && !!$data.CTA.text && !$data.viewGrocery -->
			<button class="button add-to-cart-btn limited-stock" data-bind="visible: $data.CTA.hasAvailableStatus, show: (!!$data.CTA.text), css: $data.CTA.status, attr: { 'data-click-tracking-url': $data.trackingUrl, 'data-click-beacon': $data.clickBeacon, 'aria-label': $data.CTA.status + ', ' + $data.CTA.text}" data-click-tracking-url="" data-click-beacon="" aria-label="limited-stock, Add to cart">
				<span class="ribbon-arrow" data-bind="html: $data.CTA.ribbonText, show: $data.CTA.ribbon">Limited Stock</span>
				<span class="btn-txt" data-bind="text: $data.CTA.text">Add to cart</span>
				<span class="loading-icon"></span>
			</button>
			<!-- /ko -->

			
			<!-- ko if: !$data.CTA.hasAvailableStatus && !!$data.CTA.text --><!-- /ko -->

			
			<!-- ko if: !$data.CTA.hasAvailableStatus && !$data.CTA.text --><!--/ko-->

			
			<!-- ko if: $data.CTA.hasAvailableStatus && !!$data.CTA.text  && $data.viewGrocery --><!-- /ko -->

		<!-- /ko -->

		<input type="hidden" data-bind="attr: { 'data-analytics-status-online': $data.selectedVariant.availability().statusOnline.status }" data-analytics-status-online="Available">
		<input type="hidden" data-bind="attr: { 'data-analytics-status-store': $data.selectedVariant.availability().statusStore.status }" data-analytics-status-store="">

	<!-- /ko -->
<!-- /ko --> <!-- /ko --> <!-- ko if : $root.findCartItemByRollupId('6000023483943') --><!-- /ko --> </div> </div> <input type="hidden" class="numSkus" value="1"> <input type="hidden" class="primary_parent_id" value="6000194327389"> <input type="hidden" class="categoryID" value="6000194327389"> <input type="hidden" class="displayTooltip" value="true"> <input type="hidden" class="productRollupID" value="6000023483943"> <input type="hidden" class="productID" value="10052944"> <input type="hidden" class="productSkus" value="{&quot;productid&quot;:&quot;10052944&quot;,&quot;skus&quot;:[[{&quot;skuid&quot;:&quot;10052944&quot;,&quot;minOrderQuantity&quot;:1,&quot;status&quot;:&quot;&quot;,&quot;eligibility_type&quot;:&quot;&quot;,&quot;date&quot;:&quot;&quot;,&quot;mfgr_sugd_rtl_amt&quot;:&quot;&quot;,&quot;price_comparison_qty&quot;:&quot;&quot;,&quot;price_comparison_unit&quot;:&quot;EA&quot;}]]}"> <input type="hidden" class="productQueryData" value="{&quot;6000023483943&quot;:[{&quot;sku&quot;:&quot;10052944&quot;,&quot;upc&quot;:[]}]}"> <input type="hidden" class="offerID" data-bind="attr: { value: $data.offerId }" value="10052944"> </div> </article>
<!-- /ko --> <!-- ko with: selectedVariant('6000075688886') -->
<article class="dynamic-cart-thumb stock-up-thumb product thumb-10183990 wgrid-2wAny" id="thumb-10183990" data-bind="css: { 'qty-toggle': $root.findCartItemByRollupId('6000075688886') }" data-rollup-id="6000075688886" data-automation="stock-up-thumb"> <div class="thumb-inner-wrap nutrition-enable nutrition-icon-enable"> <a class="product-link" data-bind="click: function() {$root.navigateToPip($data.availability().statusOnline.viewGroceryEligible &amp;&amp; $root.siteExperience() == 'gm', '/en/ip/dairyland-2-partly-skimmed-milk/6000075688886')}, attr: {href: !($data.availability().statusOnline.viewGroceryEligible &amp;&amp; $root.siteExperience() == 'gm') ? '/en/ip/dairyland-2-partly-skimmed-milk/6000075688886' : ''}" href="/en/ip/dairyland-2-partly-skimmed-milk/6000075688886"> <div class="badge-container"> <!-- ko template: { name: 'product-badges', if: !!$data.badgesAnalytics(), data: { badges: badges, badgesAnalytics: badgesAnalytics, screenReaderHidden : true } } --><!-- /ko --> <!-- ko ifnot: $data.badgesAnalytics() --> <span class="badge"></span> <!-- /ko --> </div> <div aria-hidden="true" data-bind="template: { name: 'dynamic-thumb-qty-template', data: {item: $root.findCartItemByRollupId('6000075688886'), variants: 1 }}">

	<!--ko if: $data.item != null --><!-- /ko -->
</div> <div class="centered-img"> <div class="cmp-atc-thmb-wrp"> <span class="cmp-atc-thmb-state">✔</span><span class="cmp-atc-thmb-copy mobile-hide"></span> </div> <div class="centered-img-wrap"> <img alt="" class="image lazy-img" src="data:image/gif;base64,R0lGODlhAQABAIAAAAAAAP///yH5BAEAAAAALAAAAAABAAEAAAIBRAA7" data-original="//i5.walmartimages.ca/images/Thumbnails/190/850/190850.jpg?odnBound=200" width="200" height="200"> </div> </div> <div class="product-details-container"> <div class="details"> <div class="title" aria-label="Dairyland 2% Partly Skimmed Milk."> <h2 class="thumb-header">Dairyland 2% Partly Skimmed Milk</h2> </div> <!-- ko template: { name: 'product-badges', if: !!$data.badgesAnalytics(), data: { badges: badges, badgesAnalytics: badgesAnalytics, screenReaderHidden : false } } --><!-- /ko --> <div class="only-for-screen-reader" data-bind="template: { name: 'dynamic-thumb-qty-template-only-for-screen-reader', data: {item: $root.findCartItemByRollupId('6000075688886'), variants: 1 }}">

	<!--ko if: $data.item != null --><!-- /ko -->
</div> <div class="description" aria-label="4 L."> 4 L </div> <div class="fade"></div> </div> <div class="ratings" data-automation="stock-up-ratings"> <div class="stars rating-3_0" aria-label="This product is rated 3 stars out of 5 stars," data-bind="template: { name: 'star-ratings' }">
	 <i class="star"></i>  <i class="star"></i>  <i class="star"></i>  <i class="star"></i>  <i class="star"></i> 
</div> <span class="review-count" aria-label="based on 5 reviews.">5 Reviews</span> <div class="fade"></div> </div> <div class="pricing-spacer" data-bind="component: { name: 'was-pricing', params: availability().pricing }"><div class="price-was" data-bind="html: wasPriceDisplay"></div><div class="price-cover"></div><div class="price-cover-percent"></div><div class="price-unit" data-bind="template: {name: &quot;price-per-unit-tooltip-template&quot;, data: pricePerUnit, afterRender: $root.initPricingPopup }">
	<a class="popup-opener popup-align-left price-unit-tooltip" data-title-headline="" data-title="This is a unit of measurement to help you compare the value of this item. Please know, this is not the price of the item itself." data-bind="text: $data, attr:{'aria-label' : '. Price is measured as ' + $data}" aria-label=". Price is measured as 12¢/100ml">12¢/100ml</a>
</div></div> <span class="all-price-sections"> <!-- ko ifnot: availability().pricing.mapPrice --> <div class="only-for-screen-reader" id="price">Price</div> <div class="price-current" data-bind="component: { name: 'current-pricing', params: { price: availability().pricing, simpleFormatting: true } }, css: { ranged: availability().pricing.ranged }"><div data-bind="possibleRangedCurrencyText: { data: price, simpleFormatting: simpleFormatting } "><span>$</span>4.64</div><div data-bind="template: {name: &quot;analytics-price-template&quot;, data: price, afterRender: $root.initVariableWeightPopup }">
	<span style="display:none;" data-analytics-type="product-price" class="product-price-analytics" data-analytics-value="4.64" data-bind="attr: { 'data-analytics-value': $data }">
	</span>
</div></div> <!-- /ko --> <!-- ko if: availability().pricing.mapPrice --><!-- /ko --> </span> </div> </a> <!-- ko if: true --> <div class="flyout-menu-trigger product-nutritionInfo" id="tooltip-6000075688886" aria-describedby="tooltip-desc-6000075688886" role="tooltip"> <button class="product-nutritionInfo-icon nutrition-icon-visible" aria-label="Nutritional Icon"></button> <div class="flyout-menu-wrap" analytics-trigger="analytics-ghs" analytics-data="ingredients" aria-expanded="false"> <button class="closeButton" aria-label="Nutritional Close"></button> <i class="arrow up"></i> <div class="flyout-menu-content"> <h3>Ingredients</h3> <div class="ingredients_content"> <p class="dietaryInfo" id="6000075688886"></p> </div> </div> </div> </div> <!-- /ko --> <div class="cart-qty-wrap"> <div class="floater"> <!-- ko ifnot : $root.findCartItemByRollupId('6000075688886') --> <!-- ko template: {
						name: 'a2c-or-next-order-button',
						data: {
							selectedVariant: $data,
							amendableOrder: $data.amendableOrder(),
							CTA: $data.CTA(),
							viewGrocery: $data.availability().statusOnline.viewGroceryEligible && $root.siteExperience() == "gm",
							detailUrl: "/en/ip/dairyland-2-partly-skimmed-milk/6000075688886",
							trackingUrl: "",
							clickBeacon: ""
						}
					}
					-->
	<!-- ko if: $data.amendableOrder.allCallsAreSynchronized -->
		<!-- ko if: $data.amendableOrder.show --><!-- /ko -->

		<!-- ko ifnot: $data.amendableOrder.show -->

			
			<!-- ko if: $data.CTA.hasAvailableStatus && !!$data.CTA.text && !$data.viewGrocery -->
			<button class="button add-to-cart-btn limited-stock" data-bind="visible: $data.CTA.hasAvailableStatus, show: (!!$data.CTA.text), css: $data.CTA.status, attr: { 'data-click-tracking-url': $data.trackingUrl, 'data-click-beacon': $data.clickBeacon, 'aria-label': $data.CTA.status + ', ' + $data.CTA.text}" data-click-tracking-url="" data-click-beacon="" aria-label="limited-stock, Add to cart">
				<span class="ribbon-arrow" data-bind="html: $data.CTA.ribbonText, show: $data.CTA.ribbon">Limited Stock</span>
				<span class="btn-txt" data-bind="text: $data.CTA.text">Add to cart</span>
				<span class="loading-icon"></span>
			</button>
			<!-- /ko -->

			
			<!-- ko if: !$data.CTA.hasAvailableStatus && !!$data.CTA.text --><!-- /ko -->

			
			<!-- ko if: !$data.CTA.hasAvailableStatus && !$data.CTA.text --><!--/ko-->

			
			<!-- ko if: $data.CTA.hasAvailableStatus && !!$data.CTA.text  && $data.viewGrocery --><!-- /ko -->

		<!-- /ko -->

		<input type="hidden" data-bind="attr: { 'data-analytics-status-online': $data.selectedVariant.availability().statusOnline.status }" data-analytics-status-online="Available">
		<input type="hidden" data-bind="attr: { 'data-analytics-status-store': $data.selectedVariant.availability().statusStore.status }" data-analytics-status-store="">

	<!-- /ko -->
<!-- /ko --> <!-- /ko --> <!-- ko if : $root.findCartItemByRollupId('6000075688886') --><!-- /ko --> </div> </div> <input type="hidden" class="numSkus" value="1"> <input type="hidden" class="primary_parent_id" value="6000194349400"> <input type="hidden" class="categoryID" value="6000194349400"> <input type="hidden" class="displayTooltip" value="true"> <input type="hidden" class="productRollupID" value="6000075688886"> <input type="hidden" class="productID" value="10183990"> <input type="hidden" class="productSkus" value="{&quot;productid&quot;:&quot;10183990&quot;,&quot;skus&quot;:[[{&quot;skuid&quot;:&quot;10183990&quot;,&quot;minOrderQuantity&quot;:1,&quot;status&quot;:&quot;&quot;,&quot;eligibility_type&quot;:&quot;&quot;,&quot;date&quot;:&quot;&quot;,&quot;mfgr_sugd_rtl_amt&quot;:&quot;&quot;,&quot;price_comparison_qty&quot;:&quot;&quot;,&quot;price_comparison_unit&quot;:&quot;ML&quot;}]]}"> <input type="hidden" class="productQueryData" value="{&quot;6000075688886&quot;:[{&quot;sku&quot;:&quot;10183990&quot;,&quot;upc&quot;:[]}]}"> <input type="hidden" class="offerID" data-bind="attr: { value: $data.offerId }" value="10183990"> </div> </article>
<!-- /ko --> <!-- ko with: selectedVariant('6000191275454') -->
<article class="dynamic-cart-thumb stock-up-thumb product thumb-6000191275455 wgrid-2wAny" id="thumb-6000191275455" data-bind="css: { 'qty-toggle': $root.findCartItemByRollupId('6000191275454') }" data-rollup-id="6000191275454" data-automation="stock-up-thumb"> <div class="thumb-inner-wrap nutrition-enable nutrition-icon-enable"> <a class="product-link" data-bind="click: function() {$root.navigateToPip($data.availability().statusOnline.viewGroceryEligible &amp;&amp; $root.siteExperience() == 'gm', '/en/ip/great-value-extra-large-eggs/6000191275454')}, attr: {href: !($data.availability().statusOnline.viewGroceryEligible &amp;&amp; $root.siteExperience() == 'gm') ? '/en/ip/great-value-extra-large-eggs/6000191275454' : ''}" href="/en/ip/great-value-extra-large-eggs/6000191275454"> <div class="badge-container"> <!-- ko template: { name: 'product-badges', if: !!$data.badgesAnalytics(), data: { badges: badges, badgesAnalytics: badgesAnalytics, screenReaderHidden : true } } -->
	<div class="badges" data-analytics-type="badges" data-bind="{ attr: { 'data-analytics-value': $data.badgesAnalytics(), 'aria-hidden' : $data.screenReaderHidden }, css : {'only-for-screen-reader' : !$data.screenReaderHidden} }" data-analytics-value="Exclusive" aria-hidden="true">
		<!-- ko foreach: { data: $data.badges, as: 'badge' } -->
			<!--ko ifnot: badge.isMultiSave -->
			<span class="badge" data-bind="text: badge.text, style: { color: badge.foregroundColor, background: badge.backgroundColor, border: badge.outlineColor }, attr: { id: badge.id, 'aria-label': 'On ' + badge.text + '.' }" id="Walmart Exclusive" aria-label="On Exclusive." style="color: rgb(0, 114, 206); background: rgb(255, 255, 255); border: 1px solid rgb(0, 114, 206);">Exclusive</span>
			<!--/ko-->
		
			<!--ko if: badge.isMultiSave--><!--/ko-->
		
		<!--/ko-->
	</div>
<!-- /ko --> <!-- ko ifnot: $data.badgesAnalytics() --><!-- /ko --> </div> <div aria-hidden="true" data-bind="template: { name: 'dynamic-thumb-qty-template', data: {item: $root.findCartItemByRollupId('6000191275454'), variants: 1 }}">

	<!--ko if: $data.item != null --><!-- /ko -->
</div> <div class="centered-img"> <div class="cmp-atc-thmb-wrp"> <span class="cmp-atc-thmb-state">✔</span><span class="cmp-atc-thmb-copy mobile-hide"></span> </div> <div class="centered-img-wrap"> <img alt="" class="image lazy-img" src="data:image/gif;base64,R0lGODlhAQABAIAAAAAAAP///yH5BAEAAAAALAAAAAABAAEAAAIBRAA7" data-original="//i5.walmartimages.ca/images/Thumbnails/924/228/6000197924228.jpg?odnBound=200" width="200" height="200"> </div> </div> <div class="product-details-container"> <div class="details"> <div class="title" aria-label="Great Value Extra Large Eggs."> <h2 class="thumb-header">Great Value Extra Large Eggs</h2> </div> <!-- ko template: { name: 'product-badges', if: !!$data.badgesAnalytics(), data: { badges: badges, badgesAnalytics: badgesAnalytics, screenReaderHidden : false } } -->
	<div class="badges only-for-screen-reader" data-analytics-type="badges" data-bind="{ attr: { 'data-analytics-value': $data.badgesAnalytics(), 'aria-hidden' : $data.screenReaderHidden }, css : {'only-for-screen-reader' : !$data.screenReaderHidden} }" data-analytics-value="Exclusive">
		<!-- ko foreach: { data: $data.badges, as: 'badge' } -->
			<!--ko ifnot: badge.isMultiSave -->
			<span class="badge" data-bind="text: badge.text, style: { color: badge.foregroundColor, background: badge.backgroundColor, border: badge.outlineColor }, attr: { id: badge.id, 'aria-label': 'On ' + badge.text + '.' }" id="Walmart Exclusive" aria-label="On Exclusive." style="color: rgb(0, 114, 206); background: rgb(255, 255, 255); border: 1px solid rgb(0, 114, 206);">Exclusive</span>
			<!--/ko-->
		
			<!--ko if: badge.isMultiSave--><!--/ko-->
		
		<!--/ko-->
	</div>
<!-- /ko --> <div class="only-for-screen-reader" data-bind="template: { name: 'dynamic-thumb-qty-template-only-for-screen-reader', data: {item: $root.findCartItemByRollupId('6000191275454'), variants: 1 }}">

	<!--ko if: $data.item != null --><!-- /ko -->
</div> <div class="description" aria-label="18 Count."> 18 Count </div> <div class="fade"></div> </div> <div class="ratings" data-automation="stock-up-ratings"> <div class="stars rating-5_0" aria-label="This product is rated 5 stars out of 5 stars," data-bind="template: { name: 'star-ratings' }">
	 <i class="star"></i>  <i class="star"></i>  <i class="star"></i>  <i class="star"></i>  <i class="star"></i> 
</div> <span class="review-count" aria-label="based on 7 reviews.">7 Reviews</span> <div class="fade"></div> </div> <div class="pricing-spacer" data-bind="component: { name: 'was-pricing', params: availability().pricing }"><div class="price-was" data-bind="html: wasPriceDisplay"></div><div class="price-cover"></div><div class="price-cover-percent"></div><div class="price-unit" data-bind="template: {name: &quot;price-per-unit-tooltip-template&quot;, data: pricePerUnit, afterRender: $root.initPricingPopup }">
	<a class="popup-opener popup-align-left price-unit-tooltip" data-title-headline="" data-title="This is a unit of measurement to help you compare the value of this item. Please know, this is not the price of the item itself." data-bind="text: $data, attr:{'aria-label' : '. Price is measured as ' + $data}" aria-label=". Price is measured as 30¢/each">30¢/each</a>
</div></div> <span class="all-price-sections"> <!-- ko ifnot: availability().pricing.mapPrice --> <div class="only-for-screen-reader" id="price">Price</div> <div class="price-current" data-bind="component: { name: 'current-pricing', params: { price: availability().pricing, simpleFormatting: true } }, css: { ranged: availability().pricing.ranged }"><div data-bind="possibleRangedCurrencyText: { data: price, simpleFormatting: simpleFormatting } "><span>$</span>5.32</div><div data-bind="template: {name: &quot;analytics-price-template&quot;, data: price, afterRender: $root.initVariableWeightPopup }">
	<span style="display:none;" data-analytics-type="product-price" class="product-price-analytics" data-analytics-value="5.32" data-bind="attr: { 'data-analytics-value': $data }">
	</span>
</div></div> <!-- /ko --> <!-- ko if: availability().pricing.mapPrice --><!-- /ko --> </span> </div> </a> <!-- ko if: true --> <div class="flyout-menu-trigger product-nutritionInfo" id="tooltip-6000191275454" aria-describedby="tooltip-desc-6000191275454" role="tooltip"> <button class="product-nutritionInfo-icon nutrition-icon-visible" aria-label="Nutritional Icon"></button> <div class="flyout-menu-wrap" analytics-trigger="analytics-ghs" analytics-data="ingredients" aria-expanded="false"> <button class="closeButton" aria-label="Nutritional Close"></button> <i class="arrow up"></i> <div class="flyout-menu-content"> <h3>Ingredients</h3> <div class="ingredients_content"> <p class="dietaryInfo" id="6000191275454"></p> </div> </div> </div> </div> <!-- /ko --> <div class="cart-qty-wrap"> <div class="floater"> <!-- ko ifnot : $root.findCartItemByRollupId('6000191275454') --> <!-- ko template: {
						name: 'a2c-or-next-order-button',
						data: {
							selectedVariant: $data,
							amendableOrder: $data.amendableOrder(),
							CTA: $data.CTA(),
							viewGrocery: $data.availability().statusOnline.viewGroceryEligible && $root.siteExperience() == "gm",
							detailUrl: "/en/ip/great-value-extra-large-eggs/6000191275454",
							trackingUrl: "",
							clickBeacon: ""
						}
					}
					-->
	<!-- ko if: $data.amendableOrder.allCallsAreSynchronized -->
		<!-- ko if: $data.amendableOrder.show --><!-- /ko -->

		<!-- ko ifnot: $data.amendableOrder.show -->

			
			<!-- ko if: $data.CTA.hasAvailableStatus && !!$data.CTA.text && !$data.viewGrocery -->
			<button class="button add-to-cart-btn limited-stock" data-bind="visible: $data.CTA.hasAvailableStatus, show: (!!$data.CTA.text), css: $data.CTA.status, attr: { 'data-click-tracking-url': $data.trackingUrl, 'data-click-beacon': $data.clickBeacon, 'aria-label': $data.CTA.status + ', ' + $data.CTA.text}" data-click-tracking-url="" data-click-beacon="" aria-label="limited-stock, Add to cart">
				<span class="ribbon-arrow" data-bind="html: $data.CTA.ribbonText, show: $data.CTA.ribbon">Limited Stock</span>
				<span class="btn-txt" data-bind="text: $data.CTA.text">Add to cart</span>
				<span class="loading-icon"></span>
			</button>
			<!-- /ko -->

			
			<!-- ko if: !$data.CTA.hasAvailableStatus && !!$data.CTA.text --><!-- /ko -->

			
			<!-- ko if: !$data.CTA.hasAvailableStatus && !$data.CTA.text --><!--/ko-->

			
			<!-- ko if: $data.CTA.hasAvailableStatus && !!$data.CTA.text  && $data.viewGrocery --><!-- /ko -->

		<!-- /ko -->

		<input type="hidden" data-bind="attr: { 'data-analytics-status-online': $data.selectedVariant.availability().statusOnline.status }" data-analytics-status-online="Available">
		<input type="hidden" data-bind="attr: { 'data-analytics-status-store': $data.selectedVariant.availability().statusStore.status }" data-analytics-status-store="">

	<!-- /ko -->
<!-- /ko --> <!-- /ko --> <!-- ko if : $root.findCartItemByRollupId('6000191275454') --><!-- /ko --> </div> </div> <input type="hidden" class="numSkus" value="1"> <input type="hidden" class="primary_parent_id" value="6000194327389"> <input type="hidden" class="categoryID" value="6000194327389"> <input type="hidden" class="displayTooltip" value="true"> <input type="hidden" class="productRollupID" value="6000191275454"> <input type="hidden" class="productID" value="6000191275455"> <input type="hidden" class="productSkus" value="{&quot;productid&quot;:&quot;6000191275455&quot;,&quot;skus&quot;:[[{&quot;skuid&quot;:&quot;6000191275455&quot;,&quot;minOrderQuantity&quot;:1,&quot;status&quot;:&quot;&quot;,&quot;eligibility_type&quot;:&quot;&quot;,&quot;date&quot;:&quot;&quot;,&quot;mfgr_sugd_rtl_amt&quot;:&quot;&quot;,&quot;price_comparison_qty&quot;:&quot;&quot;,&quot;price_comparison_unit&quot;:&quot;&quot;}]]}"> <input type="hidden" class="productQueryData" value="{&quot;6000191275454&quot;:[{&quot;sku&quot;:&quot;6000191275455&quot;,&quot;upc&quot;:[]}]}"> <input type="hidden" class="offerID" data-bind="attr: { value: $data.offerId }" value="6000191275455"> </div> </article>
<!-- /ko --> <!-- ko with: selectedVariant('6000075688975') -->
<article class="dynamic-cart-thumb stock-up-thumb product thumb-10183863 wgrid-2wAny marg-r-0" id="thumb-10183863" data-bind="css: { 'qty-toggle': $root.findCartItemByRollupId('6000075688975') }" data-rollup-id="6000075688975" data-automation="stock-up-thumb"> <div class="thumb-inner-wrap nutrition-enable nutrition-icon-enable"> <a class="product-link" data-bind="click: function() {$root.navigateToPip($data.availability().statusOnline.viewGroceryEligible &amp;&amp; $root.siteExperience() == 'gm', '/en/ip/dairyland-325-homogenized-milk/6000075688975')}, attr: {href: !($data.availability().statusOnline.viewGroceryEligible &amp;&amp; $root.siteExperience() == 'gm') ? '/en/ip/dairyland-325-homogenized-milk/6000075688975' : ''}" href="/en/ip/dairyland-325-homogenized-milk/6000075688975"> <div class="badge-container"> <!-- ko template: { name: 'product-badges', if: !!$data.badgesAnalytics(), data: { badges: badges, badgesAnalytics: badgesAnalytics, screenReaderHidden : true } } --><!-- /ko --> <!-- ko ifnot: $data.badgesAnalytics() --> <span class="badge"></span> <!-- /ko --> </div> <div aria-hidden="true" data-bind="template: { name: 'dynamic-thumb-qty-template', data: {item: $root.findCartItemByRollupId('6000075688975'), variants: 1 }}">

	<!--ko if: $data.item != null --><!-- /ko -->
</div> <div class="centered-img"> <div class="cmp-atc-thmb-wrp"> <span class="cmp-atc-thmb-state">✔</span><span class="cmp-atc-thmb-copy mobile-hide"></span> </div> <div class="centered-img-wrap"> <img alt="" class="image lazy-img" src="data:image/gif;base64,R0lGODlhAQABAIAAAAAAAP///yH5BAEAAAAALAAAAAABAAEAAAIBRAA7" data-original="//i5.walmartimages.ca/images/Thumbnails/190/849/190849.jpg?odnBound=200" width="200" height="200"> </div> </div> <div class="product-details-container"> <div class="details"> <div class="title" aria-label="Dairyland 3.25% Homogenized Milk."> <h2 class="thumb-header">Dairyland 3.25% Homogenized Milk</h2> </div> <!-- ko template: { name: 'product-badges', if: !!$data.badgesAnalytics(), data: { badges: badges, badgesAnalytics: badgesAnalytics, screenReaderHidden : false } } --><!-- /ko --> <div class="only-for-screen-reader" data-bind="template: { name: 'dynamic-thumb-qty-template-only-for-screen-reader', data: {item: $root.findCartItemByRollupId('6000075688975'), variants: 1 }}">

	<!--ko if: $data.item != null --><!-- /ko -->
</div> <div class="description" aria-label="4 L."> 4 L </div> <div class="fade"></div> </div> <div class="ratings" data-automation="stock-up-ratings"> <div class="stars rating-5_0" aria-label="This product is rated 5 stars out of 5 stars," data-bind="template: { name: 'star-ratings' }">
	 <i class="star"></i>  <i class="star"></i>  <i class="star"></i>  <i class="star"></i>  <i class="star"></i> 
</div> <span class="review-count" aria-label="based on 1 review.">1 Review</span> <div class="fade"></div> </div> <div class="pricing-spacer" data-bind="component: { name: 'was-pricing', params: availability().pricing }"><div class="price-was" data-bind="html: wasPriceDisplay"></div><div class="price-cover"></div><div class="price-cover-percent"></div><div class="price-unit" data-bind="template: {name: &quot;price-per-unit-tooltip-template&quot;, data: pricePerUnit, afterRender: $root.initPricingPopup }">
	<a class="popup-opener popup-align-left price-unit-tooltip" data-title-headline="" data-title="This is a unit of measurement to help you compare the value of this item. Please know, this is not the price of the item itself." data-bind="text: $data, attr:{'aria-label' : '. Price is measured as ' + $data}" aria-label=". Price is measured as 13¢/100ml">13¢/100ml</a>
</div></div> <span class="all-price-sections"> <!-- ko ifnot: availability().pricing.mapPrice --> <div class="only-for-screen-reader" id="price">Price</div> <div class="price-current" data-bind="component: { name: 'current-pricing', params: { price: availability().pricing, simpleFormatting: true } }, css: { ranged: availability().pricing.ranged }"><div data-bind="possibleRangedCurrencyText: { data: price, simpleFormatting: simpleFormatting } "><span>$</span>5.03</div><div data-bind="template: {name: &quot;analytics-price-template&quot;, data: price, afterRender: $root.initVariableWeightPopup }">
	<span style="display:none;" data-analytics-type="product-price" class="product-price-analytics" data-analytics-value="5.03" data-bind="attr: { 'data-analytics-value': $data }">
	</span>
</div></div> <!-- /ko --> <!-- ko if: availability().pricing.mapPrice --><!-- /ko --> </span> </div> </a> <!-- ko if: true --> <div class="flyout-menu-trigger product-nutritionInfo" id="tooltip-6000075688975" aria-describedby="tooltip-desc-6000075688975" role="tooltip"> <button class="product-nutritionInfo-icon nutrition-icon-visible" aria-label="Nutritional Icon"></button> <div class="flyout-menu-wrap" analytics-trigger="analytics-ghs" analytics-data="ingredients" aria-expanded="false"> <button class="closeButton" aria-label="Nutritional Close"></button> <i class="arrow up"></i> <div class="flyout-menu-content"> <h3>Ingredients</h3> <div class="ingredients_content"> <p class="dietaryInfo" id="6000075688975"></p> </div> </div> </div> </div> <!-- /ko --> <div class="cart-qty-wrap"> <div class="floater"> <!-- ko ifnot : $root.findCartItemByRollupId('6000075688975') --> <!-- ko template: {
						name: 'a2c-or-next-order-button',
						data: {
							selectedVariant: $data,
							amendableOrder: $data.amendableOrder(),
							CTA: $data.CTA(),
							viewGrocery: $data.availability().statusOnline.viewGroceryEligible && $root.siteExperience() == "gm",
							detailUrl: "/en/ip/dairyland-325-homogenized-milk/6000075688975",
							trackingUrl: "",
							clickBeacon: ""
						}
					}
					-->
	<!-- ko if: $data.amendableOrder.allCallsAreSynchronized -->
		<!-- ko if: $data.amendableOrder.show --><!-- /ko -->

		<!-- ko ifnot: $data.amendableOrder.show -->

			
			<!-- ko if: $data.CTA.hasAvailableStatus && !!$data.CTA.text && !$data.viewGrocery -->
			<button class="button add-to-cart-btn limited-stock" data-bind="visible: $data.CTA.hasAvailableStatus, show: (!!$data.CTA.text), css: $data.CTA.status, attr: { 'data-click-tracking-url': $data.trackingUrl, 'data-click-beacon': $data.clickBeacon, 'aria-label': $data.CTA.status + ', ' + $data.CTA.text}" data-click-tracking-url="" data-click-beacon="" aria-label="limited-stock, Add to cart">
				<span class="ribbon-arrow" data-bind="html: $data.CTA.ribbonText, show: $data.CTA.ribbon">Limited Stock</span>
				<span class="btn-txt" data-bind="text: $data.CTA.text">Add to cart</span>
				<span class="loading-icon"></span>
			</button>
			<!-- /ko -->

			
			<!-- ko if: !$data.CTA.hasAvailableStatus && !!$data.CTA.text --><!-- /ko -->

			
			<!-- ko if: !$data.CTA.hasAvailableStatus && !$data.CTA.text --><!--/ko-->

			
			<!-- ko if: $data.CTA.hasAvailableStatus && !!$data.CTA.text  && $data.viewGrocery --><!-- /ko -->

		<!-- /ko -->

		<input type="hidden" data-bind="attr: { 'data-analytics-status-online': $data.selectedVariant.availability().statusOnline.status }" data-analytics-status-online="Available">
		<input type="hidden" data-bind="attr: { 'data-analytics-status-store': $data.selectedVariant.availability().statusStore.status }" data-analytics-status-store="">

	<!-- /ko -->
<!-- /ko --> <!-- /ko --> <!-- ko if : $root.findCartItemByRollupId('6000075688975') --><!-- /ko --> </div> </div> <input type="hidden" class="numSkus" value="1"> <input type="hidden" class="primary_parent_id" value="6000194349400"> <input type="hidden" class="categoryID" value="6000194349400"> <input type="hidden" class="displayTooltip" value="true"> <input type="hidden" class="productRollupID" value="6000075688975"> <input type="hidden" class="productID" value="10183863"> <input type="hidden" class="productSkus" value="{&quot;productid&quot;:&quot;10183863&quot;,&quot;skus&quot;:[[{&quot;skuid&quot;:&quot;10183863&quot;,&quot;minOrderQuantity&quot;:1,&quot;status&quot;:&quot;&quot;,&quot;eligibility_type&quot;:&quot;&quot;,&quot;date&quot;:&quot;&quot;,&quot;mfgr_sugd_rtl_amt&quot;:&quot;&quot;,&quot;price_comparison_qty&quot;:&quot;&quot;,&quot;price_comparison_unit&quot;:&quot;&quot;}]]}"> <input type="hidden" class="productQueryData" value="{&quot;6000075688975&quot;:[{&quot;sku&quot;:&quot;10183863&quot;,&quot;upc&quot;:[]}]}"> <input type="hidden" class="offerID" data-bind="attr: { value: $data.offerId }" value="10183863"> </div> </article>
<!-- /ko --> <!-- ko with: selectedVariant('6000201734271') -->
<div class="shelf-spacer"></div><article class="dynamic-cart-thumb stock-up-thumb product thumb-6000201734272 wgrid-2wAny marg-l-0" id="thumb-6000201734272" data-bind="css: { 'qty-toggle': $root.findCartItemByRollupId('6000201734271') }" data-rollup-id="6000201734271" data-automation="stock-up-thumb"> <div class="thumb-inner-wrap nutrition-enable nutrition-icon-enable"> <a class="product-link" data-bind="click: function() {$root.navigateToPip($data.availability().statusOnline.viewGroceryEligible &amp;&amp; $root.siteExperience() == 'gm', '/en/ip/great-value-marble-cheddar-cheese/6000201734271')}, attr: {href: !($data.availability().statusOnline.viewGroceryEligible &amp;&amp; $root.siteExperience() == 'gm') ? '/en/ip/great-value-marble-cheddar-cheese/6000201734271' : ''}" href="/en/ip/great-value-marble-cheddar-cheese/6000201734271"> <div class="badge-container"> <!-- ko template: { name: 'product-badges', if: !!$data.badgesAnalytics(), data: { badges: badges, badgesAnalytics: badgesAnalytics, screenReaderHidden : true } } -->
	<div class="badges" data-analytics-type="badges" data-bind="{ attr: { 'data-analytics-value': $data.badgesAnalytics(), 'aria-hidden' : $data.screenReaderHidden }, css : {'only-for-screen-reader' : !$data.screenReaderHidden} }" data-analytics-value="empty_en,Exclusive" aria-hidden="true">
		<!-- ko foreach: { data: $data.badges, as: 'badge' } -->
			<!--ko ifnot: badge.isMultiSave --><!--/ko-->
		
			<!--ko if: badge.isMultiSave-->
			<div class="multisave-badges" data-bind="css: {'flyer-badges' : walmart.context.pageType === 'flyer'}">
				<div class="multisave-spark-container">
					<!--ko if: walmart.context.pageType === "flyer" --><!--/ko-->
					<!--ko ifnot: walmart.context.pageType === "flyer" -->
					<img src="/assets//img/multisave-badge/Multi-horizontal-en.svg">
					<!--/ko-->
				</div>
				<div class="multisave-price-count-container">
					<span class="badge-count" data-bind="text: badge.multiSave.quantity +' for'">2 for</span>
					<span class="badge-price" data-bind="html: badge.multiSave.price"><span>$</span>8</span>
				</div>
			</div>
			<!--/ko-->
		
		
			<!--ko ifnot: badge.isMultiSave -->
			<span class="badge" data-bind="text: badge.text, style: { color: badge.foregroundColor, background: badge.backgroundColor, border: badge.outlineColor }, attr: { id: badge.id, 'aria-label': 'On ' + badge.text + '.' }" id="Walmart Exclusive" aria-label="On Exclusive." style="color: rgb(0, 114, 206); background: rgb(255, 255, 255); border: 1px solid rgb(0, 114, 206);">Exclusive</span>
			<!--/ko-->
		
			<!--ko if: badge.isMultiSave--><!--/ko-->
		
		<!--/ko-->
	</div>
<!-- /ko --> <!-- ko ifnot: $data.badgesAnalytics() --><!-- /ko --> </div> <div aria-hidden="true" data-bind="template: { name: 'dynamic-thumb-qty-template', data: {item: $root.findCartItemByRollupId('6000201734271'), variants: 1 }}">

	<!--ko if: $data.item != null --><!-- /ko -->
</div> <div class="centered-img"> <div class="cmp-atc-thmb-wrp"> <span class="cmp-atc-thmb-state">✔</span><span class="cmp-atc-thmb-copy mobile-hide"></span> </div> <div class="centered-img-wrap"> <img alt="" class="image lazy-img" src="data:image/gif;base64,R0lGODlhAQABAIAAAAAAAP///yH5BAEAAAAALAAAAAABAAEAAAIBRAA7" data-original="//i5.walmartimages.ca/images/Thumbnails/014/470/627735014470.jpg?odnBound=200" width="200" height="200"> </div> </div> <div class="product-details-container"> <div class="details"> <div class="title" aria-label="Great Value Marble Cheddar Cheese."> <h2 class="thumb-header">Great Value Marble Cheddar Cheese</h2> </div> <!-- ko template: { name: 'product-badges', if: !!$data.badgesAnalytics(), data: { badges: badges, badgesAnalytics: badgesAnalytics, screenReaderHidden : false } } -->
	<div class="badges only-for-screen-reader" data-analytics-type="badges" data-bind="{ attr: { 'data-analytics-value': $data.badgesAnalytics(), 'aria-hidden' : $data.screenReaderHidden }, css : {'only-for-screen-reader' : !$data.screenReaderHidden} }" data-analytics-value="empty_en,Exclusive">
		<!-- ko foreach: { data: $data.badges, as: 'badge' } -->
			<!--ko ifnot: badge.isMultiSave --><!--/ko-->
		
			<!--ko if: badge.isMultiSave-->
			<div class="multisave-badges" data-bind="css: {'flyer-badges' : walmart.context.pageType === 'flyer'}">
				<div class="multisave-spark-container">
					<!--ko if: walmart.context.pageType === "flyer" --><!--/ko-->
					<!--ko ifnot: walmart.context.pageType === "flyer" -->
					<img src="/assets//img/multisave-badge/Multi-horizontal-en.svg">
					<!--/ko-->
				</div>
				<div class="multisave-price-count-container">
					<span class="badge-count" data-bind="text: badge.multiSave.quantity +' for'">2 for</span>
					<span class="badge-price" data-bind="html: badge.multiSave.price"><span>$</span>8</span>
				</div>
			</div>
			<!--/ko-->
		
		
			<!--ko ifnot: badge.isMultiSave -->
			<span class="badge" data-bind="text: badge.text, style: { color: badge.foregroundColor, background: badge.backgroundColor, border: badge.outlineColor }, attr: { id: badge.id, 'aria-label': 'On ' + badge.text + '.' }" id="Walmart Exclusive" aria-label="On Exclusive." style="color: rgb(0, 114, 206); background: rgb(255, 255, 255); border: 1px solid rgb(0, 114, 206);">Exclusive</span>
			<!--/ko-->
		
			<!--ko if: badge.isMultiSave--><!--/ko-->
		
		<!--/ko-->
	</div>
<!-- /ko --> <div class="only-for-screen-reader" data-bind="template: { name: 'dynamic-thumb-qty-template-only-for-screen-reader', data: {item: $root.findCartItemByRollupId('6000201734271'), variants: 1 }}">

	<!--ko if: $data.item != null --><!-- /ko -->
</div> <div class="description" aria-label="400 g."> 400 g </div> <div class="fade"></div> </div> <div class="ratings" data-automation="stock-up-ratings"> <div class="stars rating-5_0" aria-label="This product is rated 5 stars out of 5 stars," data-bind="template: { name: 'star-ratings' }">
	 <i class="star"></i>  <i class="star"></i>  <i class="star"></i>  <i class="star"></i>  <i class="star"></i> 
</div> <span class="review-count" aria-label="based on 1 review.">1 Review</span> <div class="fade"></div> </div> <div class="pricing-spacer" data-bind="component: { name: 'was-pricing', params: availability().pricing }"><div class="price-was" data-bind="html: wasPriceDisplay"></div><div class="price-cover"></div><div class="price-cover-percent"></div><div class="price-unit" data-bind="template: {name: &quot;price-per-unit-tooltip-template&quot;, data: pricePerUnit, afterRender: $root.initPricingPopup }">
	<a class="popup-opener popup-align-left price-unit-tooltip" data-title-headline="" data-title="This is a unit of measurement to help you compare the value of this item. Please know, this is not the price of the item itself." data-bind="text: $data, attr:{'aria-label' : '. Price is measured as ' + $data}" aria-label=". Price is measured as $1.44/100g">$1.44/100g</a>
</div></div> <span class="all-price-sections"> <!-- ko ifnot: availability().pricing.mapPrice --> <div class="only-for-screen-reader" id="price">Price</div> <div class="price-current" data-bind="component: { name: 'current-pricing', params: { price: availability().pricing, simpleFormatting: true } }, css: { ranged: availability().pricing.ranged }"><div data-bind="possibleRangedCurrencyText: { data: price, simpleFormatting: simpleFormatting } "><span>$</span>5.77</div><div data-bind="template: {name: &quot;analytics-price-template&quot;, data: price, afterRender: $root.initVariableWeightPopup }">
	<span style="display:none;" data-analytics-type="product-price" class="product-price-analytics" data-analytics-value="5.77" data-bind="attr: { 'data-analytics-value': $data }">
	</span>
</div></div> <!-- /ko --> <!-- ko if: availability().pricing.mapPrice --><!-- /ko --> </span> </div> </a> <!-- ko if: true --> <div class="flyout-menu-trigger product-nutritionInfo" id="tooltip-6000201734271" aria-describedby="tooltip-desc-6000201734271" role="tooltip"> <button class="product-nutritionInfo-icon nutrition-icon-visible" aria-label="Nutritional Icon"></button> <div class="flyout-menu-wrap" analytics-trigger="analytics-ghs" analytics-data="ingredients" aria-expanded="false"> <button class="closeButton" aria-label="Nutritional Close"></button> <i class="arrow up"></i> <div class="flyout-menu-content"> <h3>Ingredients</h3> <div class="ingredients_content"> <p class="dietaryInfo" id="6000201734271"></p> </div> </div> </div> </div> <!-- /ko --> <div class="cart-qty-wrap"> <div class="floater"> <!-- ko ifnot : $root.findCartItemByRollupId('6000201734271') --> <!-- ko template: {
						name: 'a2c-or-next-order-button',
						data: {
							selectedVariant: $data,
							amendableOrder: $data.amendableOrder(),
							CTA: $data.CTA(),
							viewGrocery: $data.availability().statusOnline.viewGroceryEligible && $root.siteExperience() == "gm",
							detailUrl: "/en/ip/great-value-marble-cheddar-cheese/6000201734271",
							trackingUrl: "",
							clickBeacon: ""
						}
					}
					-->
	<!-- ko if: $data.amendableOrder.allCallsAreSynchronized -->
		<!-- ko if: $data.amendableOrder.show --><!-- /ko -->

		<!-- ko ifnot: $data.amendableOrder.show -->

			
			<!-- ko if: $data.CTA.hasAvailableStatus && !!$data.CTA.text && !$data.viewGrocery -->
			<button class="button add-to-cart-btn limited-stock" data-bind="visible: $data.CTA.hasAvailableStatus, show: (!!$data.CTA.text), css: $data.CTA.status, attr: { 'data-click-tracking-url': $data.trackingUrl, 'data-click-beacon': $data.clickBeacon, 'aria-label': $data.CTA.status + ', ' + $data.CTA.text}" data-click-tracking-url="" data-click-beacon="" aria-label="limited-stock, Add to cart">
				<span class="ribbon-arrow" data-bind="html: $data.CTA.ribbonText, show: $data.CTA.ribbon">Limited Stock</span>
				<span class="btn-txt" data-bind="text: $data.CTA.text">Add to cart</span>
				<span class="loading-icon"></span>
			</button>
			<!-- /ko -->

			
			<!-- ko if: !$data.CTA.hasAvailableStatus && !!$data.CTA.text --><!-- /ko -->

			
			<!-- ko if: !$data.CTA.hasAvailableStatus && !$data.CTA.text --><!--/ko-->

			
			<!-- ko if: $data.CTA.hasAvailableStatus && !!$data.CTA.text  && $data.viewGrocery --><!-- /ko -->

		<!-- /ko -->

		<input type="hidden" data-bind="attr: { 'data-analytics-status-online': $data.selectedVariant.availability().statusOnline.status }" data-analytics-status-online="Available">
		<input type="hidden" data-bind="attr: { 'data-analytics-status-store': $data.selectedVariant.availability().statusStore.status }" data-analytics-status-store="">

	<!-- /ko -->
<!-- /ko --> <!-- /ko --> <!-- ko if : $root.findCartItemByRollupId('6000201734271') --><!-- /ko --> </div> </div> <input type="hidden" class="numSkus" value="1"> <input type="hidden" class="primary_parent_id" value="6000194349390"> <input type="hidden" class="categoryID" value="6000194349390"> <input type="hidden" class="displayTooltip" value="true"> <input type="hidden" class="productRollupID" value="6000201734271"> <input type="hidden" class="productID" value="6000201734272"> <input type="hidden" class="productSkus" value="{&quot;productid&quot;:&quot;6000201734272&quot;,&quot;skus&quot;:[[{&quot;skuid&quot;:&quot;6000201734272&quot;,&quot;minOrderQuantity&quot;:1,&quot;status&quot;:&quot;&quot;,&quot;eligibility_type&quot;:&quot;&quot;,&quot;date&quot;:&quot;&quot;,&quot;mfgr_sugd_rtl_amt&quot;:&quot;&quot;,&quot;price_comparison_qty&quot;:&quot;&quot;,&quot;price_comparison_unit&quot;:&quot;GR&quot;}]]}"> <input type="hidden" class="productQueryData" value="{&quot;6000201734271&quot;:[{&quot;sku&quot;:&quot;6000201734272&quot;,&quot;upc&quot;:[]}]}"> <input type="hidden" class="offerID" data-bind="attr: { value: $data.offerId }" value="6000201734272"> </div> </article>
<!-- /ko --> <!-- ko with: selectedVariant('6000016937326') -->
<article class="dynamic-cart-thumb stock-up-thumb product thumb-207065 wgrid-2wAny" id="thumb-207065" data-bind="css: { 'qty-toggle': $root.findCartItemByRollupId('6000016937326') }" data-rollup-id="6000016937326" data-automation="stock-up-thumb"> <div class="thumb-inner-wrap nutrition-enable nutrition-icon-enable"> <a class="product-link" data-bind="click: function() {$root.navigateToPip($data.availability().statusOnline.viewGroceryEligible &amp;&amp; $root.siteExperience() == 'gm', '/en/ip/great-value-salted-butter/6000016937326')}, attr: {href: !($data.availability().statusOnline.viewGroceryEligible &amp;&amp; $root.siteExperience() == 'gm') ? '/en/ip/great-value-salted-butter/6000016937326' : ''}" href="/en/ip/great-value-salted-butter/6000016937326"> <div class="badge-container"> <!-- ko template: { name: 'product-badges', if: !!$data.badgesAnalytics(), data: { badges: badges, badgesAnalytics: badgesAnalytics, screenReaderHidden : true } } -->
	<div class="badges" data-analytics-type="badges" data-bind="{ attr: { 'data-analytics-value': $data.badgesAnalytics(), 'aria-hidden' : $data.screenReaderHidden }, css : {'only-for-screen-reader' : !$data.screenReaderHidden} }" data-analytics-value="Exclusive" aria-hidden="true">
		<!-- ko foreach: { data: $data.badges, as: 'badge' } -->
			<!--ko ifnot: badge.isMultiSave -->
			<span class="badge" data-bind="text: badge.text, style: { color: badge.foregroundColor, background: badge.backgroundColor, border: badge.outlineColor }, attr: { id: badge.id, 'aria-label': 'On ' + badge.text + '.' }" id="Walmart Exclusive" aria-label="On Exclusive." style="color: rgb(0, 114, 206); background: rgb(255, 255, 255); border: 1px solid rgb(0, 114, 206);">Exclusive</span>
			<!--/ko-->
		
			<!--ko if: badge.isMultiSave--><!--/ko-->
		
		<!--/ko-->
	</div>
<!-- /ko --> <!-- ko ifnot: $data.badgesAnalytics() --><!-- /ko --> </div> <div aria-hidden="true" data-bind="template: { name: 'dynamic-thumb-qty-template', data: {item: $root.findCartItemByRollupId('6000016937326'), variants: 1 }}">

	<!--ko if: $data.item != null --><!-- /ko -->
</div> <div class="centered-img"> <div class="cmp-atc-thmb-wrp"> <span class="cmp-atc-thmb-state">✔</span><span class="cmp-atc-thmb-copy mobile-hide"></span> </div> <div class="centered-img-wrap"> <img alt="" class="image lazy-img" src="data:image/gif;base64,R0lGODlhAQABAIAAAAAAAP///yH5BAEAAAAALAAAAAABAAEAAAIBRAA7" data-original="//i5.walmartimages.ca/images/Thumbnails/r_4/54g/999999-30907734_SaltedButter_454g.jpg?odnBound=200" width="200" height="200"> </div> </div> <div class="product-details-container"> <div class="details"> <div class="title" aria-label="Great Value Salted Butter."> <h2 class="thumb-header">Great Value Salted Butter</h2> </div> <!-- ko template: { name: 'product-badges', if: !!$data.badgesAnalytics(), data: { badges: badges, badgesAnalytics: badgesAnalytics, screenReaderHidden : false } } -->
	<div class="badges only-for-screen-reader" data-analytics-type="badges" data-bind="{ attr: { 'data-analytics-value': $data.badgesAnalytics(), 'aria-hidden' : $data.screenReaderHidden }, css : {'only-for-screen-reader' : !$data.screenReaderHidden} }" data-analytics-value="Exclusive">
		<!-- ko foreach: { data: $data.badges, as: 'badge' } -->
			<!--ko ifnot: badge.isMultiSave -->
			<span class="badge" data-bind="text: badge.text, style: { color: badge.foregroundColor, background: badge.backgroundColor, border: badge.outlineColor }, attr: { id: badge.id, 'aria-label': 'On ' + badge.text + '.' }" id="Walmart Exclusive" aria-label="On Exclusive." style="color: rgb(0, 114, 206); background: rgb(255, 255, 255); border: 1px solid rgb(0, 114, 206);">Exclusive</span>
			<!--/ko-->
		
			<!--ko if: badge.isMultiSave--><!--/ko-->
		
		<!--/ko-->
	</div>
<!-- /ko --> <div class="only-for-screen-reader" data-bind="template: { name: 'dynamic-thumb-qty-template-only-for-screen-reader', data: {item: $root.findCartItemByRollupId('6000016937326'), variants: 1 }}">

	<!--ko if: $data.item != null --><!-- /ko -->
</div> <div class="description" aria-label="454 g."> 454 g </div> <div class="fade"></div> </div> <div class="ratings" data-automation="stock-up-ratings"> <div class="stars rating-4_0" aria-label="This product is rated 4 stars out of 5 stars," data-bind="template: { name: 'star-ratings' }">
	 <i class="star"></i>  <i class="star"></i>  <i class="star"></i>  <i class="star"></i>  <i class="star"></i> 
</div> <span class="review-count" aria-label="based on 13 reviews.">13 Reviews</span> <div class="fade"></div> </div> <div class="pricing-spacer" data-bind="component: { name: 'was-pricing', params: availability().pricing }"><div class="price-was" data-bind="html: wasPriceDisplay"></div><div class="price-cover"></div><div class="price-cover-percent"></div><div class="price-unit" data-bind="template: {name: &quot;price-per-unit-tooltip-template&quot;, data: pricePerUnit, afterRender: $root.initPricingPopup }">
	<a class="popup-opener popup-align-left price-unit-tooltip" data-title-headline="" data-title="This is a unit of measurement to help you compare the value of this item. Please know, this is not the price of the item itself." data-bind="text: $data, attr:{'aria-label' : '. Price is measured as ' + $data}" aria-label=". Price is measured as 98¢/100g">98¢/100g</a>
</div></div> <span class="all-price-sections"> <!-- ko ifnot: availability().pricing.mapPrice --> <div class="only-for-screen-reader" id="price">Price</div> <div class="price-current" data-bind="component: { name: 'current-pricing', params: { price: availability().pricing, simpleFormatting: true } }, css: { ranged: availability().pricing.ranged }"><div data-bind="possibleRangedCurrencyText: { data: price, simpleFormatting: simpleFormatting } "><span>$</span>4.47</div><div data-bind="template: {name: &quot;analytics-price-template&quot;, data: price, afterRender: $root.initVariableWeightPopup }">
	<span style="display:none;" data-analytics-type="product-price" class="product-price-analytics" data-analytics-value="4.47" data-bind="attr: { 'data-analytics-value': $data }">
	</span>
</div></div> <!-- /ko --> <!-- ko if: availability().pricing.mapPrice --><!-- /ko --> </span> </div> </a> <!-- ko if: true --> <div class="flyout-menu-trigger product-nutritionInfo" id="tooltip-6000016937326" aria-describedby="tooltip-desc-6000016937326" role="tooltip"> <button class="product-nutritionInfo-icon nutrition-icon-visible" aria-label="Nutritional Icon"></button> <div class="flyout-menu-wrap" analytics-trigger="analytics-ghs" analytics-data="ingredients" aria-expanded="false"> <button class="closeButton" aria-label="Nutritional Close"></button> <i class="arrow up"></i> <div class="flyout-menu-content"> <h3>Ingredients</h3> <div class="ingredients_content"> <p class="dietaryInfo" id="6000016937326"></p> </div> </div> </div> </div> <!-- /ko --> <div class="cart-qty-wrap"> <div class="floater"> <!-- ko ifnot : $root.findCartItemByRollupId('6000016937326') --> <!-- ko template: {
						name: 'a2c-or-next-order-button',
						data: {
							selectedVariant: $data,
							amendableOrder: $data.amendableOrder(),
							CTA: $data.CTA(),
							viewGrocery: $data.availability().statusOnline.viewGroceryEligible && $root.siteExperience() == "gm",
							detailUrl: "/en/ip/great-value-salted-butter/6000016937326",
							trackingUrl: "",
							clickBeacon: ""
						}
					}
					-->
	<!-- ko if: $data.amendableOrder.allCallsAreSynchronized -->
		<!-- ko if: $data.amendableOrder.show --><!-- /ko -->

		<!-- ko ifnot: $data.amendableOrder.show -->

			
			<!-- ko if: $data.CTA.hasAvailableStatus && !!$data.CTA.text && !$data.viewGrocery -->
			<button class="button add-to-cart-btn limited-stock" data-bind="visible: $data.CTA.hasAvailableStatus, show: (!!$data.CTA.text), css: $data.CTA.status, attr: { 'data-click-tracking-url': $data.trackingUrl, 'data-click-beacon': $data.clickBeacon, 'aria-label': $data.CTA.status + ', ' + $data.CTA.text}" data-click-tracking-url="" data-click-beacon="" aria-label="limited-stock, Add to cart">
				<span class="ribbon-arrow" data-bind="html: $data.CTA.ribbonText, show: $data.CTA.ribbon">Limited Stock</span>
				<span class="btn-txt" data-bind="text: $data.CTA.text">Add to cart</span>
				<span class="loading-icon"></span>
			</button>
			<!-- /ko -->

			
			<!-- ko if: !$data.CTA.hasAvailableStatus && !!$data.CTA.text --><!-- /ko -->

			
			<!-- ko if: !$data.CTA.hasAvailableStatus && !$data.CTA.text --><!--/ko-->

			
			<!-- ko if: $data.CTA.hasAvailableStatus && !!$data.CTA.text  && $data.viewGrocery --><!-- /ko -->

		<!-- /ko -->

		<input type="hidden" data-bind="attr: { 'data-analytics-status-online': $data.selectedVariant.availability().statusOnline.status }" data-analytics-status-online="Available">
		<input type="hidden" data-bind="attr: { 'data-analytics-status-store': $data.selectedVariant.availability().statusStore.status }" data-analytics-status-store="">

	<!-- /ko -->
<!-- /ko --> <!-- /ko --> <!-- ko if : $root.findCartItemByRollupId('6000016937326') --><!-- /ko --> </div> </div> <input type="hidden" class="numSkus" value="1"> <input type="hidden" class="primary_parent_id" value="6000194327387"> <input type="hidden" class="categoryID" value="6000194327387"> <input type="hidden" class="displayTooltip" value="true"> <input type="hidden" class="productRollupID" value="6000016937326"> <input type="hidden" class="productID" value="207065"> <input type="hidden" class="productSkus" value="{&quot;productid&quot;:&quot;207065&quot;,&quot;skus&quot;:[[{&quot;skuid&quot;:&quot;207065&quot;,&quot;minOrderQuantity&quot;:1,&quot;status&quot;:&quot;&quot;,&quot;eligibility_type&quot;:&quot;&quot;,&quot;date&quot;:&quot;&quot;,&quot;mfgr_sugd_rtl_amt&quot;:&quot;&quot;,&quot;price_comparison_qty&quot;:&quot;&quot;,&quot;price_comparison_unit&quot;:&quot;GR&quot;}]]}"> <input type="hidden" class="productQueryData" value="{&quot;6000016937326&quot;:[{&quot;sku&quot;:&quot;207065&quot;,&quot;upc&quot;:[]}]}"> <input type="hidden" class="offerID" data-bind="attr: { value: $data.offerId }" value="207065"> </div> </article>
<!-- /ko --> <!-- ko with: selectedVariant('6000066827536') -->
<article class="dynamic-cart-thumb stock-up-thumb product thumb-10165982 wgrid-2wAny" id="thumb-10165982" data-bind="css: { 'qty-toggle': $root.findCartItemByRollupId('6000066827536') }" data-rollup-id="6000066827536" data-automation="stock-up-thumb"> <div class="thumb-inner-wrap nutrition-enable nutrition-icon-enable"> <a class="product-link" data-bind="click: function() {$root.navigateToPip($data.availability().statusOnline.viewGroceryEligible &amp;&amp; $root.siteExperience() == 'gm', '/en/ip/astro-original-balkan-style-yogurt/6000066827536')}, attr: {href: !($data.availability().statusOnline.viewGroceryEligible &amp;&amp; $root.siteExperience() == 'gm') ? '/en/ip/astro-original-balkan-style-yogurt/6000066827536' : ''}" href="/en/ip/astro-original-balkan-style-yogurt/6000066827536"> <div class="badge-container"> <!-- ko template: { name: 'product-badges', if: !!$data.badgesAnalytics(), data: { badges: badges, badgesAnalytics: badgesAnalytics, screenReaderHidden : true } } -->
	<div class="badges" data-analytics-type="badges" data-bind="{ attr: { 'data-analytics-value': $data.badgesAnalytics(), 'aria-hidden' : $data.screenReaderHidden }, css : {'only-for-screen-reader' : !$data.screenReaderHidden} }" data-analytics-value="empty_en" aria-hidden="true">
		<!-- ko foreach: { data: $data.badges, as: 'badge' } -->
			<!--ko ifnot: badge.isMultiSave --><!--/ko-->
		
			<!--ko if: badge.isMultiSave-->
			<div class="multisave-badges" data-bind="css: {'flyer-badges' : walmart.context.pageType === 'flyer'}">
				<div class="multisave-spark-container">
					<!--ko if: walmart.context.pageType === "flyer" --><!--/ko-->
					<!--ko ifnot: walmart.context.pageType === "flyer" -->
					<img src="/assets//img/multisave-badge/Multi-horizontal-en.svg">
					<!--/ko-->
				</div>
				<div class="multisave-price-count-container">
					<span class="badge-count" data-bind="text: badge.multiSave.quantity +' for'">3 for</span>
					<span class="badge-price" data-bind="html: badge.multiSave.price"><span>$</span>7</span>
				</div>
			</div>
			<!--/ko-->
		
		<!--/ko-->
	</div>
<!-- /ko --> <!-- ko ifnot: $data.badgesAnalytics() --><!-- /ko --> </div> <div aria-hidden="true" data-bind="template: { name: 'dynamic-thumb-qty-template', data: {item: $root.findCartItemByRollupId('6000066827536'), variants: 1 }}">

	<!--ko if: $data.item != null --><!-- /ko -->
</div> <div class="centered-img"> <div class="cmp-atc-thmb-wrp"> <span class="cmp-atc-thmb-state">✔</span><span class="cmp-atc-thmb-copy mobile-hide"></span> </div> <div class="centered-img-wrap"> <img alt="" class="image lazy-img" src="data:image/gif;base64,R0lGODlhAQABAIAAAAAAAP///yH5BAEAAAAALAAAAAABAAEAAAIBRAA7" data-original="//i5.walmartimages.ca/images/Thumbnails/075/015/999999-Main_6820075015.jpg?odnBound=200" width="200" height="200"> </div> </div> <div class="product-details-container"> <div class="details"> <div class="title" aria-label="Astro Original Balkan Style Yogurt."> <h2 class="thumb-header">Astro Original Balkan Style Yogurt</h2> </div> <!-- ko template: { name: 'product-badges', if: !!$data.badgesAnalytics(), data: { badges: badges, badgesAnalytics: badgesAnalytics, screenReaderHidden : false } } -->
	<div class="badges only-for-screen-reader" data-analytics-type="badges" data-bind="{ attr: { 'data-analytics-value': $data.badgesAnalytics(), 'aria-hidden' : $data.screenReaderHidden }, css : {'only-for-screen-reader' : !$data.screenReaderHidden} }" data-analytics-value="empty_en">
		<!-- ko foreach: { data: $data.badges, as: 'badge' } -->
			<!--ko ifnot: badge.isMultiSave --><!--/ko-->
		
			<!--ko if: badge.isMultiSave-->
			<div class="multisave-badges" data-bind="css: {'flyer-badges' : walmart.context.pageType === 'flyer'}">
				<div class="multisave-spark-container">
					<!--ko if: walmart.context.pageType === "flyer" --><!--/ko-->
					<!--ko ifnot: walmart.context.pageType === "flyer" -->
					<img src="/assets//img/multisave-badge/Multi-horizontal-en.svg">
					<!--/ko-->
				</div>
				<div class="multisave-price-count-container">
					<span class="badge-count" data-bind="text: badge.multiSave.quantity +' for'">3 for</span>
					<span class="badge-price" data-bind="html: badge.multiSave.price"><span>$</span>7</span>
				</div>
			</div>
			<!--/ko-->
		
		<!--/ko-->
	</div>
<!-- /ko --> <div class="only-for-screen-reader" data-bind="template: { name: 'dynamic-thumb-qty-template-only-for-screen-reader', data: {item: $root.findCartItemByRollupId('6000066827536'), variants: 1 }}">

	<!--ko if: $data.item != null --><!-- /ko -->
</div> <div class="description" aria-label="750 g."> 750 g </div> <div class="fade"></div> </div> <div class="ratings" data-automation="stock-up-ratings"> <div class="stars rating-5_0" aria-label="This product is rated 5 stars out of 5 stars," data-bind="template: { name: 'star-ratings' }">
	 <i class="star"></i>  <i class="star"></i>  <i class="star"></i>  <i class="star"></i>  <i class="star"></i> 
</div> <span class="review-count" aria-label="based on 15 reviews.">15 Reviews</span> <div class="fade"></div> </div> <div class="pricing-spacer" data-bind="component: { name: 'was-pricing', params: availability().pricing }"><div class="price-was" data-bind="html: wasPriceDisplay"></div><div class="price-cover"></div><div class="price-cover-percent"></div><div class="price-unit" data-bind="template: {name: &quot;price-per-unit-tooltip-template&quot;, data: pricePerUnit, afterRender: $root.initPricingPopup }">
	<a class="popup-opener popup-align-left price-unit-tooltip" data-title-headline="" data-title="This is a unit of measurement to help you compare the value of this item. Please know, this is not the price of the item itself." data-bind="text: $data, attr:{'aria-label' : '. Price is measured as ' + $data}" aria-label=". Price is measured as 37¢/100g">37¢/100g</a>
</div></div> <span class="all-price-sections"> <!-- ko ifnot: availability().pricing.mapPrice --> <div class="only-for-screen-reader" id="price">Price</div> <div class="price-current" data-bind="component: { name: 'current-pricing', params: { price: availability().pricing, simpleFormatting: true } }, css: { ranged: availability().pricing.ranged }"><div data-bind="possibleRangedCurrencyText: { data: price, simpleFormatting: simpleFormatting } "><span>$</span>2.77</div><div data-bind="template: {name: &quot;analytics-price-template&quot;, data: price, afterRender: $root.initVariableWeightPopup }">
	<span style="display:none;" data-analytics-type="product-price" class="product-price-analytics" data-analytics-value="2.77" data-bind="attr: { 'data-analytics-value': $data }">
	</span>
</div></div> <!-- /ko --> <!-- ko if: availability().pricing.mapPrice --><!-- /ko --> </span> </div> </a> <!-- ko if: true --> <div class="flyout-menu-trigger product-nutritionInfo" id="tooltip-6000066827536" aria-describedby="tooltip-desc-6000066827536" role="tooltip"> <button class="product-nutritionInfo-icon nutrition-icon-visible" aria-label="Nutritional Icon"></button> <div class="flyout-menu-wrap" analytics-trigger="analytics-ghs" analytics-data="ingredients" aria-expanded="false"> <button class="closeButton" aria-label="Nutritional Close"></button> <i class="arrow up"></i> <div class="flyout-menu-content"> <h3>Ingredients</h3> <div class="ingredients_content"> <p class="dietaryInfo" id="6000066827536"></p> </div> </div> </div> </div> <!-- /ko --> <div class="cart-qty-wrap"> <div class="floater"> <!-- ko ifnot : $root.findCartItemByRollupId('6000066827536') --> <!-- ko template: {
						name: 'a2c-or-next-order-button',
						data: {
							selectedVariant: $data,
							amendableOrder: $data.amendableOrder(),
							CTA: $data.CTA(),
							viewGrocery: $data.availability().statusOnline.viewGroceryEligible && $root.siteExperience() == "gm",
							detailUrl: "/en/ip/astro-original-balkan-style-yogurt/6000066827536",
							trackingUrl: "",
							clickBeacon: ""
						}
					}
					-->
	<!-- ko if: $data.amendableOrder.allCallsAreSynchronized -->
		<!-- ko if: $data.amendableOrder.show --><!-- /ko -->

		<!-- ko ifnot: $data.amendableOrder.show -->

			
			<!-- ko if: $data.CTA.hasAvailableStatus && !!$data.CTA.text && !$data.viewGrocery -->
			<button class="button add-to-cart-btn limited-stock" data-bind="visible: $data.CTA.hasAvailableStatus, show: (!!$data.CTA.text), css: $data.CTA.status, attr: { 'data-click-tracking-url': $data.trackingUrl, 'data-click-beacon': $data.clickBeacon, 'aria-label': $data.CTA.status + ', ' + $data.CTA.text}" data-click-tracking-url="" data-click-beacon="" aria-label="limited-stock, Add to cart">
				<span class="ribbon-arrow" data-bind="html: $data.CTA.ribbonText, show: $data.CTA.ribbon">Limited Stock</span>
				<span class="btn-txt" data-bind="text: $data.CTA.text">Add to cart</span>
				<span class="loading-icon"></span>
			</button>
			<!-- /ko -->

			
			<!-- ko if: !$data.CTA.hasAvailableStatus && !!$data.CTA.text --><!-- /ko -->

			
			<!-- ko if: !$data.CTA.hasAvailableStatus && !$data.CTA.text --><!--/ko-->

			
			<!-- ko if: $data.CTA.hasAvailableStatus && !!$data.CTA.text  && $data.viewGrocery --><!-- /ko -->

		<!-- /ko -->

		<input type="hidden" data-bind="attr: { 'data-analytics-status-online': $data.selectedVariant.availability().statusOnline.status }" data-analytics-status-online="Available">
		<input type="hidden" data-bind="attr: { 'data-analytics-status-store': $data.selectedVariant.availability().statusStore.status }" data-analytics-status-store="">

	<!-- /ko -->
<!-- /ko --> <!-- /ko --> <!-- ko if : $root.findCartItemByRollupId('6000066827536') --><!-- /ko --> </div> </div> <input type="hidden" class="numSkus" value="1"> <input type="hidden" class="primary_parent_id" value="6000195507613"> <input type="hidden" class="categoryID" value="6000195507613"> <input type="hidden" class="displayTooltip" value="true"> <input type="hidden" class="productRollupID" value="6000066827536"> <input type="hidden" class="productID" value="10165982"> <input type="hidden" class="productSkus" value="{&quot;productid&quot;:&quot;10165982&quot;,&quot;skus&quot;:[[{&quot;skuid&quot;:&quot;10165982&quot;,&quot;minOrderQuantity&quot;:1,&quot;status&quot;:&quot;&quot;,&quot;eligibility_type&quot;:&quot;&quot;,&quot;date&quot;:&quot;&quot;,&quot;mfgr_sugd_rtl_amt&quot;:&quot;&quot;,&quot;price_comparison_qty&quot;:&quot;&quot;,&quot;price_comparison_unit&quot;:&quot;GR&quot;}]]}"> <input type="hidden" class="productQueryData" value="{&quot;6000066827536&quot;:[{&quot;sku&quot;:&quot;10165982&quot;,&quot;upc&quot;:[]}]}"> <input type="hidden" class="offerID" data-bind="attr: { value: $data.offerId }" value="10165982"> </div> </article>
<!-- /ko --> <!-- ko with: selectedVariant('6000201085803') -->
<article class="dynamic-cart-thumb stock-up-thumb product thumb-6000201085804 wgrid-2wAny marg-r-0" id="thumb-6000201085804" data-bind="css: { 'qty-toggle': $root.findCartItemByRollupId('6000201085803') }" data-rollup-id="6000201085803" data-automation="stock-up-thumb"> <div class="thumb-inner-wrap nutrition-enable nutrition-icon-enable"> <a class="product-link" data-bind="click: function() {$root.navigateToPip($data.availability().statusOnline.viewGroceryEligible &amp;&amp; $root.siteExperience() == 'gm', '/en/ip/black-diamond-cheese-slices-22/6000201085803')}, attr: {href: !($data.availability().statusOnline.viewGroceryEligible &amp;&amp; $root.siteExperience() == 'gm') ? '/en/ip/black-diamond-cheese-slices-22/6000201085803' : ''}" href="/en/ip/black-diamond-cheese-slices-22/6000201085803"> <div class="badge-container"> <!-- ko template: { name: 'product-badges', if: !!$data.badgesAnalytics(), data: { badges: badges, badgesAnalytics: badgesAnalytics, screenReaderHidden : true } } --><!-- /ko --> <!-- ko ifnot: $data.badgesAnalytics() --> <span class="badge"></span> <!-- /ko --> </div> <div aria-hidden="true" data-bind="template: { name: 'dynamic-thumb-qty-template', data: {item: $root.findCartItemByRollupId('6000201085803'), variants: 1 }}">

	<!--ko if: $data.item != null --><!-- /ko -->
</div> <div class="centered-img"> <div class="cmp-atc-thmb-wrp"> <span class="cmp-atc-thmb-state">✔</span><span class="cmp-atc-thmb-copy mobile-hide"></span> </div> <div class="centered-img-wrap"> <img alt="" class="image lazy-img" src="data:image/gif;base64,R0lGODlhAQABAIAAAAAAAP///yH5BAEAAAAALAAAAAABAAEAAAIBRAA7" data-original="//i5.walmartimages.ca/images/Thumbnails/310/741/6000201310741.jpg?odnBound=200" width="200" height="200"> </div> </div> <div class="product-details-container"> <div class="details"> <div class="title" aria-label="Black Diamond Cheese Slices 22."> <h2 class="thumb-header">Black Diamond Cheese Slices 22</h2> </div> <!-- ko template: { name: 'product-badges', if: !!$data.badgesAnalytics(), data: { badges: badges, badgesAnalytics: badgesAnalytics, screenReaderHidden : false } } --><!-- /ko --> <div class="only-for-screen-reader" data-bind="template: { name: 'dynamic-thumb-qty-template-only-for-screen-reader', data: {item: $root.findCartItemByRollupId('6000201085803'), variants: 1 }}">

	<!--ko if: $data.item != null --><!-- /ko -->
</div> <div class="description" aria-label="BD Slices Thins 22."> BD Slices Thins 22 </div> <div class="fade"></div> </div> <div class="ratings" data-automation="stock-up-ratings"> <div class="stars rating-1_0" aria-label="This product is rated 1 star out of 5 stars," data-bind="template: { name: 'star-ratings' }">
	 <i class="star"></i>  <i class="star"></i>  <i class="star"></i>  <i class="star"></i>  <i class="star"></i> 
</div> <span class="review-count" aria-label="based on 2 reviews.">2 Reviews</span> <div class="fade"></div> </div> <div class="pricing-spacer" data-bind="component: { name: 'was-pricing', params: availability().pricing }"><div class="price-was" data-bind="html: wasPriceDisplay"></div><div class="price-cover"></div><div class="price-cover-percent"></div><div class="price-unit" data-bind="template: {name: &quot;price-per-unit-tooltip-template&quot;, data: pricePerUnit, afterRender: $root.initPricingPopup }">
	<a class="popup-opener popup-align-left price-unit-tooltip" data-title-headline="" data-title="This is a unit of measurement to help you compare the value of this item. Please know, this is not the price of the item itself." data-bind="text: $data, attr:{'aria-label' : '. Price is measured as ' + $data}" aria-label=". Price is measured as 85¢/100g">85¢/100g</a>
</div></div> <span class="all-price-sections"> <!-- ko ifnot: availability().pricing.mapPrice --> <div class="only-for-screen-reader" id="price">Price</div> <div class="price-current" data-bind="component: { name: 'current-pricing', params: { price: availability().pricing, simpleFormatting: true } }, css: { ranged: availability().pricing.ranged }"><div data-bind="possibleRangedCurrencyText: { data: price, simpleFormatting: simpleFormatting } "><span>$</span>3.47</div><div data-bind="template: {name: &quot;analytics-price-template&quot;, data: price, afterRender: $root.initVariableWeightPopup }">
	<span style="display:none;" data-analytics-type="product-price" class="product-price-analytics" data-analytics-value="3.47" data-bind="attr: { 'data-analytics-value': $data }">
	</span>
</div></div> <!-- /ko --> <!-- ko if: availability().pricing.mapPrice --><!-- /ko --> </span> </div> </a> <!-- ko if: true --> <div class="flyout-menu-trigger product-nutritionInfo" id="tooltip-6000201085803" aria-describedby="tooltip-desc-6000201085803" role="tooltip"> <button class="product-nutritionInfo-icon nutrition-icon-visible" aria-label="Nutritional Icon"></button> <div class="flyout-menu-wrap" analytics-trigger="analytics-ghs" analytics-data="ingredients" aria-expanded="false"> <button class="closeButton" aria-label="Nutritional Close"></button> <i class="arrow up"></i> <div class="flyout-menu-content"> <h3>Ingredients</h3> <div class="ingredients_content"> <p class="dietaryInfo" id="6000201085803"></p> </div> </div> </div> </div> <!-- /ko --> <div class="cart-qty-wrap"> <div class="floater"> <!-- ko ifnot : $root.findCartItemByRollupId('6000201085803') --> <!-- ko template: {
						name: 'a2c-or-next-order-button',
						data: {
							selectedVariant: $data,
							amendableOrder: $data.amendableOrder(),
							CTA: $data.CTA(),
							viewGrocery: $data.availability().statusOnline.viewGroceryEligible && $root.siteExperience() == "gm",
							detailUrl: "/en/ip/black-diamond-cheese-slices-22/6000201085803",
							trackingUrl: "",
							clickBeacon: ""
						}
					}
					-->
	<!-- ko if: $data.amendableOrder.allCallsAreSynchronized -->
		<!-- ko if: $data.amendableOrder.show --><!-- /ko -->

		<!-- ko ifnot: $data.amendableOrder.show -->

			
			<!-- ko if: $data.CTA.hasAvailableStatus && !!$data.CTA.text && !$data.viewGrocery -->
			<button class="button add-to-cart-btn limited-stock" data-bind="visible: $data.CTA.hasAvailableStatus, show: (!!$data.CTA.text), css: $data.CTA.status, attr: { 'data-click-tracking-url': $data.trackingUrl, 'data-click-beacon': $data.clickBeacon, 'aria-label': $data.CTA.status + ', ' + $data.CTA.text}" data-click-tracking-url="" data-click-beacon="" aria-label="limited-stock, Add to cart">
				<span class="ribbon-arrow" data-bind="html: $data.CTA.ribbonText, show: $data.CTA.ribbon">Limited Stock</span>
				<span class="btn-txt" data-bind="text: $data.CTA.text">Add to cart</span>
				<span class="loading-icon"></span>
			</button>
			<!-- /ko -->

			
			<!-- ko if: !$data.CTA.hasAvailableStatus && !!$data.CTA.text --><!-- /ko -->

			
			<!-- ko if: !$data.CTA.hasAvailableStatus && !$data.CTA.text --><!--/ko-->

			
			<!-- ko if: $data.CTA.hasAvailableStatus && !!$data.CTA.text  && $data.viewGrocery --><!-- /ko -->

		<!-- /ko -->

		<input type="hidden" data-bind="attr: { 'data-analytics-status-online': $data.selectedVariant.availability().statusOnline.status }" data-analytics-status-online="Available">
		<input type="hidden" data-bind="attr: { 'data-analytics-status-store': $data.selectedVariant.availability().statusStore.status }" data-analytics-status-store="">

	<!-- /ko -->
<!-- /ko --> <!-- /ko --> <!-- ko if : $root.findCartItemByRollupId('6000201085803') --><!-- /ko --> </div> </div> <input type="hidden" class="numSkus" value="1"> <input type="hidden" class="primary_parent_id" value="6000194349394"> <input type="hidden" class="categoryID" value="6000194349394"> <input type="hidden" class="displayTooltip" value="true"> <input type="hidden" class="productRollupID" value="6000201085803"> <input type="hidden" class="productID" value="6000201085804"> <input type="hidden" class="productSkus" value="{&quot;productid&quot;:&quot;6000201085804&quot;,&quot;skus&quot;:[[{&quot;skuid&quot;:&quot;6000201085804&quot;,&quot;minOrderQuantity&quot;:1,&quot;status&quot;:&quot;&quot;,&quot;eligibility_type&quot;:&quot;&quot;,&quot;date&quot;:&quot;&quot;,&quot;mfgr_sugd_rtl_amt&quot;:&quot;&quot;,&quot;price_comparison_qty&quot;:&quot;&quot;,&quot;price_comparison_unit&quot;:&quot;GR&quot;}]]}"> <input type="hidden" class="productQueryData" value="{&quot;6000201085803&quot;:[{&quot;sku&quot;:&quot;6000201085804&quot;,&quot;upc&quot;:[]}]}"> <input type="hidden" class="offerID" data-bind="attr: { value: $data.offerId }" value="6000201085804"> </div> </article>
<!-- /ko --> <!-- ko with: selectedVariant('6000079800122') -->
<div class="shelf-spacer"></div><article class="dynamic-cart-thumb stock-up-thumb product thumb-10189709 wgrid-2wAny marg-l-0" id="thumb-10189709" data-bind="css: { 'qty-toggle': $root.findCartItemByRollupId('6000079800122') }" data-rollup-id="6000079800122" data-automation="stock-up-thumb"> <div class="thumb-inner-wrap nutrition-enable nutrition-icon-enable"> <a class="product-link" data-bind="click: function() {$root.navigateToPip($data.availability().statusOnline.viewGroceryEligible &amp;&amp; $root.siteExperience() == 'gm', '/en/ip/dairyland-1-partly-skimmed-milk/6000079800122')}, attr: {href: !($data.availability().statusOnline.viewGroceryEligible &amp;&amp; $root.siteExperience() == 'gm') ? '/en/ip/dairyland-1-partly-skimmed-milk/6000079800122' : ''}" href="/en/ip/dairyland-1-partly-skimmed-milk/6000079800122"> <div class="badge-container"> <!-- ko template: { name: 'product-badges', if: !!$data.badgesAnalytics(), data: { badges: badges, badgesAnalytics: badgesAnalytics, screenReaderHidden : true } } --><!-- /ko --> <!-- ko ifnot: $data.badgesAnalytics() --> <span class="badge"></span> <!-- /ko --> </div> <div aria-hidden="true" data-bind="template: { name: 'dynamic-thumb-qty-template', data: {item: $root.findCartItemByRollupId('6000079800122'), variants: 1 }}">

	<!--ko if: $data.item != null --><!-- /ko -->
</div> <div class="centered-img"> <div class="cmp-atc-thmb-wrp"> <span class="cmp-atc-thmb-state">✔</span><span class="cmp-atc-thmb-copy mobile-hide"></span> </div> <div class="centered-img-wrap"> <img alt="" class="image lazy-img" src="data:image/gif;base64,R0lGODlhAQABAIAAAAAAAP///yH5BAEAAAAALAAAAAABAAEAAAIBRAA7" data-original="//i5.walmartimages.ca/images/Thumbnails/190/851/190851.jpg?odnBound=200" width="200" height="200"> </div> </div> <div class="product-details-container"> <div class="details"> <div class="title" aria-label="Dairyland 1% Partly skimmed milk."> <h2 class="thumb-header">Dairyland 1% Partly skimmed milk</h2> </div> <!-- ko template: { name: 'product-badges', if: !!$data.badgesAnalytics(), data: { badges: badges, badgesAnalytics: badgesAnalytics, screenReaderHidden : false } } --><!-- /ko --> <div class="only-for-screen-reader" data-bind="template: { name: 'dynamic-thumb-qty-template-only-for-screen-reader', data: {item: $root.findCartItemByRollupId('6000079800122'), variants: 1 }}">

	<!--ko if: $data.item != null --><!-- /ko -->
</div> <div class="description" aria-label="4 L."> 4 L </div> <div class="fade"></div> </div> <div class="ratings" data-automation="stock-up-ratings"> <div class="stars rating-4_0" aria-label="This product is rated 4 stars out of 5 stars," data-bind="template: { name: 'star-ratings' }">
	 <i class="star"></i>  <i class="star"></i>  <i class="star"></i>  <i class="star"></i>  <i class="star"></i> 
</div> <span class="review-count" aria-label="based on 6 reviews.">6 Reviews</span> <div class="fade"></div> </div> <div class="pricing-spacer" data-bind="component: { name: 'was-pricing', params: availability().pricing }"><div class="price-was" data-bind="html: wasPriceDisplay"></div><div class="price-cover"></div><div class="price-cover-percent"></div><div class="price-unit" data-bind="template: {name: &quot;price-per-unit-tooltip-template&quot;, data: pricePerUnit, afterRender: $root.initPricingPopup }">
	<a class="popup-opener popup-align-left price-unit-tooltip" data-title-headline="" data-title="This is a unit of measurement to help you compare the value of this item. Please know, this is not the price of the item itself." data-bind="text: $data, attr:{'aria-label' : '. Price is measured as ' + $data}" aria-label=". Price is measured as 12¢/100ml">12¢/100ml</a>
</div></div> <span class="all-price-sections"> <!-- ko ifnot: availability().pricing.mapPrice --> <div class="only-for-screen-reader" id="price">Price</div> <div class="price-current" data-bind="component: { name: 'current-pricing', params: { price: availability().pricing, simpleFormatting: true } }, css: { ranged: availability().pricing.ranged }"><div data-bind="possibleRangedCurrencyText: { data: price, simpleFormatting: simpleFormatting } "><span>$</span>4.64</div><div data-bind="template: {name: &quot;analytics-price-template&quot;, data: price, afterRender: $root.initVariableWeightPopup }">
	<span style="display:none;" data-analytics-type="product-price" class="product-price-analytics" data-analytics-value="4.64" data-bind="attr: { 'data-analytics-value': $data }">
	</span>
</div></div> <!-- /ko --> <!-- ko if: availability().pricing.mapPrice --><!-- /ko --> </span> </div> </a> <!-- ko if: true --> <div class="flyout-menu-trigger product-nutritionInfo" id="tooltip-6000079800122" aria-describedby="tooltip-desc-6000079800122" role="tooltip"> <button class="product-nutritionInfo-icon nutrition-icon-visible" aria-label="Nutritional Icon"></button> <div class="flyout-menu-wrap" analytics-trigger="analytics-ghs" analytics-data="ingredients" aria-expanded="false"> <button class="closeButton" aria-label="Nutritional Close"></button> <i class="arrow up"></i> <div class="flyout-menu-content"> <h3>Ingredients</h3> <div class="ingredients_content"> <p class="dietaryInfo" id="6000079800122"></p> </div> </div> </div> </div> <!-- /ko --> <div class="cart-qty-wrap"> <div class="floater"> <!-- ko ifnot : $root.findCartItemByRollupId('6000079800122') --> <!-- ko template: {
						name: 'a2c-or-next-order-button',
						data: {
							selectedVariant: $data,
							amendableOrder: $data.amendableOrder(),
							CTA: $data.CTA(),
							viewGrocery: $data.availability().statusOnline.viewGroceryEligible && $root.siteExperience() == "gm",
							detailUrl: "/en/ip/dairyland-1-partly-skimmed-milk/6000079800122",
							trackingUrl: "",
							clickBeacon: ""
						}
					}
					-->
	<!-- ko if: $data.amendableOrder.allCallsAreSynchronized -->
		<!-- ko if: $data.amendableOrder.show --><!-- /ko -->

		<!-- ko ifnot: $data.amendableOrder.show -->

			
			<!-- ko if: $data.CTA.hasAvailableStatus && !!$data.CTA.text && !$data.viewGrocery -->
			<button class="button add-to-cart-btn limited-stock" data-bind="visible: $data.CTA.hasAvailableStatus, show: (!!$data.CTA.text), css: $data.CTA.status, attr: { 'data-click-tracking-url': $data.trackingUrl, 'data-click-beacon': $data.clickBeacon, 'aria-label': $data.CTA.status + ', ' + $data.CTA.text}" data-click-tracking-url="" data-click-beacon="" aria-label="limited-stock, Add to cart">
				<span class="ribbon-arrow" data-bind="html: $data.CTA.ribbonText, show: $data.CTA.ribbon">Limited Stock</span>
				<span class="btn-txt" data-bind="text: $data.CTA.text">Add to cart</span>
				<span class="loading-icon"></span>
			</button>
			<!-- /ko -->

			
			<!-- ko if: !$data.CTA.hasAvailableStatus && !!$data.CTA.text --><!-- /ko -->

			
			<!-- ko if: !$data.CTA.hasAvailableStatus && !$data.CTA.text --><!--/ko-->

			
			<!-- ko if: $data.CTA.hasAvailableStatus && !!$data.CTA.text  && $data.viewGrocery --><!-- /ko -->

		<!-- /ko -->

		<input type="hidden" data-bind="attr: { 'data-analytics-status-online': $data.selectedVariant.availability().statusOnline.status }" data-analytics-status-online="Available">
		<input type="hidden" data-bind="attr: { 'data-analytics-status-store': $data.selectedVariant.availability().statusStore.status }" data-analytics-status-store="">

	<!-- /ko -->
<!-- /ko --> <!-- /ko --> <!-- ko if : $root.findCartItemByRollupId('6000079800122') --><!-- /ko --> </div> </div> <input type="hidden" class="numSkus" value="1"> <input type="hidden" class="primary_parent_id" value="6000194349395"> <input type="hidden" class="categoryID" value="6000194349395"> <input type="hidden" class="displayTooltip" value="true"> <input type="hidden" class="productRollupID" value="6000079800122"> <input type="hidden" class="productID" value="10189709"> <input type="hidden" class="productSkus" value="{&quot;productid&quot;:&quot;10189709&quot;,&quot;skus&quot;:[[{&quot;skuid&quot;:&quot;10189709&quot;,&quot;minOrderQuantity&quot;:1,&quot;status&quot;:&quot;&quot;,&quot;eligibility_type&quot;:&quot;&quot;,&quot;date&quot;:&quot;&quot;,&quot;mfgr_sugd_rtl_amt&quot;:&quot;&quot;,&quot;price_comparison_qty&quot;:&quot;&quot;,&quot;price_comparison_unit&quot;:&quot;&quot;}]]}"> <input type="hidden" class="productQueryData" value="{&quot;6000079800122&quot;:[{&quot;sku&quot;:&quot;10189709&quot;,&quot;upc&quot;:[]}]}"> <input type="hidden" class="offerID" data-bind="attr: { value: $data.offerId }" value="10189709"> </div> </article>
<!-- /ko --> <!-- ko with: selectedVariant('6000161803982') -->
<article class="dynamic-cart-thumb stock-up-thumb product thumb-10313753 wgrid-2wAny" id="thumb-10313753" data-bind="css: { 'qty-toggle': $root.findCartItemByRollupId('6000161803982') }" data-rollup-id="6000161803982" data-automation="stock-up-thumb"> <div class="thumb-inner-wrap nutrition-enable nutrition-icon-enable"> <a class="product-link" data-bind="click: function() {$root.navigateToPip($data.availability().statusOnline.viewGroceryEligible &amp;&amp; $root.siteExperience() == 'gm', '/en/ip/i-cant-believe-its-not-butter-original-butter/6000161803982')}, attr: {href: !($data.availability().statusOnline.viewGroceryEligible &amp;&amp; $root.siteExperience() == 'gm') ? '/en/ip/i-cant-believe-its-not-butter-original-butter/6000161803982' : ''}" href="/en/ip/i-cant-believe-its-not-butter-original-butter/6000161803982"> <div class="badge-container"> <!-- ko template: { name: 'product-badges', if: !!$data.badgesAnalytics(), data: { badges: badges, badgesAnalytics: badgesAnalytics, screenReaderHidden : true } } --><!-- /ko --> <!-- ko ifnot: $data.badgesAnalytics() --> <span class="badge"></span> <!-- /ko --> </div> <div aria-hidden="true" data-bind="template: { name: 'dynamic-thumb-qty-template', data: {item: $root.findCartItemByRollupId('6000161803982'), variants: 1 }}">

	<!--ko if: $data.item != null --><!-- /ko -->
</div> <div class="centered-img"> <div class="cmp-atc-thmb-wrp"> <span class="cmp-atc-thmb-state">✔</span><span class="cmp-atc-thmb-copy mobile-hide"></span> </div> <div class="centered-img-wrap"> <img alt="" class="image lazy-img" src="data:image/gif;base64,R0lGODlhAQABAIAAAAAAAP///yH5BAEAAAAALAAAAAABAAEAAAIBRAA7" data-original="//i5.walmartimages.ca/images/Thumbnails/296/581/6000201296581.jpg?odnBound=200" width="200" height="200"> </div> </div> <div class="product-details-container"> <div class="details"> <div class="title" aria-label="I Can't Believe It's Not Butter®  Original Butter."> <h2 class="thumb-header">I Can't Believe It's Not Butter® Original Butter</h2> </div> <!-- ko template: { name: 'product-badges', if: !!$data.badgesAnalytics(), data: { badges: badges, badgesAnalytics: badgesAnalytics, screenReaderHidden : false } } --><!-- /ko --> <div class="only-for-screen-reader" data-bind="template: { name: 'dynamic-thumb-qty-template-only-for-screen-reader', data: {item: $root.findCartItemByRollupId('6000161803982'), variants: 1 }}">

	<!--ko if: $data.item != null --><!-- /ko -->
</div> <div class="description" aria-label="454 g."> 454 g </div> <div class="fade"></div> </div> <div class="ratings" data-automation="stock-up-ratings"> <div class="stars rating-5_0" aria-label="This product is rated 5 stars out of 5 stars," data-bind="template: { name: 'star-ratings' }">
	 <i class="star"></i>  <i class="star"></i>  <i class="star"></i>  <i class="star"></i>  <i class="star"></i> 
</div> <span class="review-count" aria-label="based on 3 reviews.">3 Reviews</span> <div class="fade"></div> </div> <div class="pricing-spacer" data-bind="component: { name: 'was-pricing', params: availability().pricing }"><div class="price-was" data-bind="html: wasPriceDisplay"></div><div class="price-cover"></div><div class="price-cover-percent"></div><div class="price-unit" data-bind="template: {name: &quot;price-per-unit-tooltip-template&quot;, data: pricePerUnit, afterRender: $root.initPricingPopup }">
	<a class="popup-opener popup-align-left price-unit-tooltip" data-title-headline="" data-title="This is a unit of measurement to help you compare the value of this item. Please know, this is not the price of the item itself." data-bind="text: $data, attr:{'aria-label' : '. Price is measured as ' + $data}" aria-label=". Price is measured as 32¢/100g">32¢/100g</a>
</div></div> <span class="all-price-sections"> <!-- ko ifnot: availability().pricing.mapPrice --> <div class="only-for-screen-reader" id="price">Price</div> <div class="price-current" data-bind="component: { name: 'current-pricing', params: { price: availability().pricing, simpleFormatting: true } }, css: { ranged: availability().pricing.ranged }"><div data-bind="possibleRangedCurrencyText: { data: price, simpleFormatting: simpleFormatting } "><span>$</span>1.47</div><div data-bind="template: {name: &quot;analytics-price-template&quot;, data: price, afterRender: $root.initVariableWeightPopup }">
	<span style="display:none;" data-analytics-type="product-price" class="product-price-analytics" data-analytics-value="1.47" data-bind="attr: { 'data-analytics-value': $data }">
	</span>
</div></div> <!-- /ko --> <!-- ko if: availability().pricing.mapPrice --><!-- /ko --> </span> </div> </a> <!-- ko if: true --> <div class="flyout-menu-trigger product-nutritionInfo" id="tooltip-6000161803982" aria-describedby="tooltip-desc-6000161803982" role="tooltip"> <button class="product-nutritionInfo-icon nutrition-icon-visible" aria-label="Nutritional Icon"></button> <div class="flyout-menu-wrap" analytics-trigger="analytics-ghs" analytics-data="ingredients" aria-expanded="false"> <button class="closeButton" aria-label="Nutritional Close"></button> <i class="arrow up"></i> <div class="flyout-menu-content"> <h3>Ingredients</h3> <div class="ingredients_content"> <p class="dietaryInfo" id="6000161803982"></p> </div> </div> </div> </div> <!-- /ko --> <div class="cart-qty-wrap"> <div class="floater"> <!-- ko ifnot : $root.findCartItemByRollupId('6000161803982') --> <!-- ko template: {
						name: 'a2c-or-next-order-button',
						data: {
							selectedVariant: $data,
							amendableOrder: $data.amendableOrder(),
							CTA: $data.CTA(),
							viewGrocery: $data.availability().statusOnline.viewGroceryEligible && $root.siteExperience() == "gm",
							detailUrl: "/en/ip/i-cant-believe-its-not-butter-original-butter/6000161803982",
							trackingUrl: "",
							clickBeacon: ""
						}
					}
					-->
	<!-- ko if: $data.amendableOrder.allCallsAreSynchronized -->
		<!-- ko if: $data.amendableOrder.show --><!-- /ko -->

		<!-- ko ifnot: $data.amendableOrder.show -->

			
			<!-- ko if: $data.CTA.hasAvailableStatus && !!$data.CTA.text && !$data.viewGrocery -->
			<button class="button add-to-cart-btn limited-stock" data-bind="visible: $data.CTA.hasAvailableStatus, show: (!!$data.CTA.text), css: $data.CTA.status, attr: { 'data-click-tracking-url': $data.trackingUrl, 'data-click-beacon': $data.clickBeacon, 'aria-label': $data.CTA.status + ', ' + $data.CTA.text}" data-click-tracking-url="" data-click-beacon="" aria-label="limited-stock, Add to cart">
				<span class="ribbon-arrow" data-bind="html: $data.CTA.ribbonText, show: $data.CTA.ribbon">Limited Stock</span>
				<span class="btn-txt" data-bind="text: $data.CTA.text">Add to cart</span>
				<span class="loading-icon"></span>
			</button>
			<!-- /ko -->

			
			<!-- ko if: !$data.CTA.hasAvailableStatus && !!$data.CTA.text --><!-- /ko -->

			
			<!-- ko if: !$data.CTA.hasAvailableStatus && !$data.CTA.text --><!--/ko-->

			
			<!-- ko if: $data.CTA.hasAvailableStatus && !!$data.CTA.text  && $data.viewGrocery --><!-- /ko -->

		<!-- /ko -->

		<input type="hidden" data-bind="attr: { 'data-analytics-status-online': $data.selectedVariant.availability().statusOnline.status }" data-analytics-status-online="Available">
		<input type="hidden" data-bind="attr: { 'data-analytics-status-store': $data.selectedVariant.availability().statusStore.status }" data-analytics-status-store="">

	<!-- /ko -->
<!-- /ko --> <!-- /ko --> <!-- ko if : $root.findCartItemByRollupId('6000161803982') --><!-- /ko --> </div> </div> <input type="hidden" class="numSkus" value="1"> <input type="hidden" class="primary_parent_id" value="6000194327387"> <input type="hidden" class="categoryID" value="6000194327387"> <input type="hidden" class="displayTooltip" value="true"> <input type="hidden" class="productRollupID" value="6000161803982"> <input type="hidden" class="productID" value="10313753"> <input type="hidden" class="productSkus" value="{&quot;productid&quot;:&quot;10313753&quot;,&quot;skus&quot;:[[{&quot;skuid&quot;:&quot;10313753&quot;,&quot;minOrderQuantity&quot;:1,&quot;status&quot;:&quot;&quot;,&quot;eligibility_type&quot;:&quot;&quot;,&quot;date&quot;:&quot;&quot;,&quot;mfgr_sugd_rtl_amt&quot;:&quot;&quot;,&quot;price_comparison_qty&quot;:&quot;&quot;,&quot;price_comparison_unit&quot;:&quot;GR&quot;}]]}"> <input type="hidden" class="productQueryData" value="{&quot;6000161803982&quot;:[{&quot;sku&quot;:&quot;10313753&quot;,&quot;upc&quot;:[]}]}"> <input type="hidden" class="offerID" data-bind="attr: { value: $data.offerId }" value="10313753"> </div> </article>
<!-- /ko --> <!-- ko with: selectedVariant('6000201734398') -->
<article class="dynamic-cart-thumb stock-up-thumb product thumb-6000201734399 wgrid-2wAny" id="thumb-6000201734399" data-bind="css: { 'qty-toggle': $root.findCartItemByRollupId('6000201734398') }" data-rollup-id="6000201734398" data-automation="stock-up-thumb"> <div class="thumb-inner-wrap nutrition-enable nutrition-icon-enable"> <a class="product-link" data-bind="click: function() {$root.navigateToPip($data.availability().statusOnline.viewGroceryEligible &amp;&amp; $root.siteExperience() == 'gm', '/en/ip/great-value-pizza-mozzarella-cheese/6000201734398')}, attr: {href: !($data.availability().statusOnline.viewGroceryEligible &amp;&amp; $root.siteExperience() == 'gm') ? '/en/ip/great-value-pizza-mozzarella-cheese/6000201734398' : ''}" href="/en/ip/great-value-pizza-mozzarella-cheese/6000201734398"> <div class="badge-container"> <!-- ko template: { name: 'product-badges', if: !!$data.badgesAnalytics(), data: { badges: badges, badgesAnalytics: badgesAnalytics, screenReaderHidden : true } } -->
	<div class="badges" data-analytics-type="badges" data-bind="{ attr: { 'data-analytics-value': $data.badgesAnalytics(), 'aria-hidden' : $data.screenReaderHidden }, css : {'only-for-screen-reader' : !$data.screenReaderHidden} }" data-analytics-value="empty_en,Exclusive" aria-hidden="true">
		<!-- ko foreach: { data: $data.badges, as: 'badge' } -->
			<!--ko ifnot: badge.isMultiSave --><!--/ko-->
		
			<!--ko if: badge.isMultiSave-->
			<div class="multisave-badges" data-bind="css: {'flyer-badges' : walmart.context.pageType === 'flyer'}">
				<div class="multisave-spark-container">
					<!--ko if: walmart.context.pageType === "flyer" --><!--/ko-->
					<!--ko ifnot: walmart.context.pageType === "flyer" -->
					<img src="/assets//img/multisave-badge/Multi-horizontal-en.svg">
					<!--/ko-->
				</div>
				<div class="multisave-price-count-container">
					<span class="badge-count" data-bind="text: badge.multiSave.quantity +' for'">2 for</span>
					<span class="badge-price" data-bind="html: badge.multiSave.price"><span>$</span>8</span>
				</div>
			</div>
			<!--/ko-->
		
		
			<!--ko ifnot: badge.isMultiSave -->
			<span class="badge" data-bind="text: badge.text, style: { color: badge.foregroundColor, background: badge.backgroundColor, border: badge.outlineColor }, attr: { id: badge.id, 'aria-label': 'On ' + badge.text + '.' }" id="Walmart Exclusive" aria-label="On Exclusive." style="color: rgb(0, 114, 206); background: rgb(255, 255, 255); border: 1px solid rgb(0, 114, 206);">Exclusive</span>
			<!--/ko-->
		
			<!--ko if: badge.isMultiSave--><!--/ko-->
		
		<!--/ko-->
	</div>
<!-- /ko --> <!-- ko ifnot: $data.badgesAnalytics() --><!-- /ko --> </div> <div aria-hidden="true" data-bind="template: { name: 'dynamic-thumb-qty-template', data: {item: $root.findCartItemByRollupId('6000201734398'), variants: 1 }}">

	<!--ko if: $data.item != null --><!-- /ko -->
</div> <div class="centered-img"> <div class="cmp-atc-thmb-wrp"> <span class="cmp-atc-thmb-state">✔</span><span class="cmp-atc-thmb-copy mobile-hide"></span> </div> <div class="centered-img-wrap"> <img alt="" class="image lazy-img" src="data:image/gif;base64,R0lGODlhAQABAIAAAAAAAP///yH5BAEAAAAALAAAAAABAAEAAAIBRAA7" data-original="//i5.walmartimages.ca/images/Thumbnails/014/487/627735014487.jpg?odnBound=200" width="200" height="200"> </div> </div> <div class="product-details-container"> <div class="details"> <div class="title" aria-label="Great Value Pizza Mozzarella Cheese."> <h2 class="thumb-header">Great Value Pizza Mozzarella Cheese</h2> </div> <!-- ko template: { name: 'product-badges', if: !!$data.badgesAnalytics(), data: { badges: badges, badgesAnalytics: badgesAnalytics, screenReaderHidden : false } } -->
	<div class="badges only-for-screen-reader" data-analytics-type="badges" data-bind="{ attr: { 'data-analytics-value': $data.badgesAnalytics(), 'aria-hidden' : $data.screenReaderHidden }, css : {'only-for-screen-reader' : !$data.screenReaderHidden} }" data-analytics-value="empty_en,Exclusive">
		<!-- ko foreach: { data: $data.badges, as: 'badge' } -->
			<!--ko ifnot: badge.isMultiSave --><!--/ko-->
		
			<!--ko if: badge.isMultiSave-->
			<div class="multisave-badges" data-bind="css: {'flyer-badges' : walmart.context.pageType === 'flyer'}">
				<div class="multisave-spark-container">
					<!--ko if: walmart.context.pageType === "flyer" --><!--/ko-->
					<!--ko ifnot: walmart.context.pageType === "flyer" -->
					<img src="/assets//img/multisave-badge/Multi-horizontal-en.svg">
					<!--/ko-->
				</div>
				<div class="multisave-price-count-container">
					<span class="badge-count" data-bind="text: badge.multiSave.quantity +' for'">2 for</span>
					<span class="badge-price" data-bind="html: badge.multiSave.price"><span>$</span>8</span>
				</div>
			</div>
			<!--/ko-->
		
		
			<!--ko ifnot: badge.isMultiSave -->
			<span class="badge" data-bind="text: badge.text, style: { color: badge.foregroundColor, background: badge.backgroundColor, border: badge.outlineColor }, attr: { id: badge.id, 'aria-label': 'On ' + badge.text + '.' }" id="Walmart Exclusive" aria-label="On Exclusive." style="color: rgb(0, 114, 206); background: rgb(255, 255, 255); border: 1px solid rgb(0, 114, 206);">Exclusive</span>
			<!--/ko-->
		
			<!--ko if: badge.isMultiSave--><!--/ko-->
		
		<!--/ko-->
	</div>
<!-- /ko --> <div class="only-for-screen-reader" data-bind="template: { name: 'dynamic-thumb-qty-template-only-for-screen-reader', data: {item: $root.findCartItemByRollupId('6000201734398'), variants: 1 }}">

	<!--ko if: $data.item != null --><!-- /ko -->
</div> <div class="description" aria-label="400 g."> 400 g </div> <div class="fade"></div> </div> <div class="ratings" data-automation="stock-up-ratings"> <div class="stars rating-0_0" aria-label="This product has not been rated." data-bind="template: { name: 'star-ratings' }">
	 <i class="star"></i>  <i class="star"></i>  <i class="star"></i>  <i class="star"></i>  <i class="star"></i> 
</div> <span class="review-count" aria-label="This product hasn’t been reviewed.">0 Reviews</span> <div class="fade"></div> </div> <div class="pricing-spacer" data-bind="component: { name: 'was-pricing', params: availability().pricing }"><div class="price-was" data-bind="html: wasPriceDisplay"></div><div class="price-cover"></div><div class="price-cover-percent"></div><div class="price-unit" data-bind="template: {name: &quot;price-per-unit-tooltip-template&quot;, data: pricePerUnit, afterRender: $root.initPricingPopup }">
	<a class="popup-opener popup-align-left price-unit-tooltip" data-title-headline="" data-title="This is a unit of measurement to help you compare the value of this item. Please know, this is not the price of the item itself." data-bind="text: $data, attr:{'aria-label' : '. Price is measured as ' + $data}" aria-label=". Price is measured as $1.44/100g">$1.44/100g</a>
</div></div> <span class="all-price-sections"> <!-- ko ifnot: availability().pricing.mapPrice --> <div class="only-for-screen-reader" id="price">Price</div> <div class="price-current" data-bind="component: { name: 'current-pricing', params: { price: availability().pricing, simpleFormatting: true } }, css: { ranged: availability().pricing.ranged }"><div data-bind="possibleRangedCurrencyText: { data: price, simpleFormatting: simpleFormatting } "><span>$</span>5.77</div><div data-bind="template: {name: &quot;analytics-price-template&quot;, data: price, afterRender: $root.initVariableWeightPopup }">
	<span style="display:none;" data-analytics-type="product-price" class="product-price-analytics" data-analytics-value="5.77" data-bind="attr: { 'data-analytics-value': $data }">
	</span>
</div></div> <!-- /ko --> <!-- ko if: availability().pricing.mapPrice --><!-- /ko --> </span> </div> </a> <!-- ko if: true --> <div class="flyout-menu-trigger product-nutritionInfo" id="tooltip-6000201734398" aria-describedby="tooltip-desc-6000201734398" role="tooltip"> <button class="product-nutritionInfo-icon nutrition-icon-visible" aria-label="Nutritional Icon"></button> <div class="flyout-menu-wrap" analytics-trigger="analytics-ghs" analytics-data="ingredients" aria-expanded="false"> <button class="closeButton" aria-label="Nutritional Close"></button> <i class="arrow up"></i> <div class="flyout-menu-content"> <h3>Ingredients</h3> <div class="ingredients_content"> <p class="dietaryInfo" id="6000201734398"></p> </div> </div> </div> </div> <!-- /ko --> <div class="cart-qty-wrap"> <div class="floater"> <!-- ko ifnot : $root.findCartItemByRollupId('6000201734398') --> <!-- ko template: {
						name: 'a2c-or-next-order-button',
						data: {
							selectedVariant: $data,
							amendableOrder: $data.amendableOrder(),
							CTA: $data.CTA(),
							viewGrocery: $data.availability().statusOnline.viewGroceryEligible && $root.siteExperience() == "gm",
							detailUrl: "/en/ip/great-value-pizza-mozzarella-cheese/6000201734398",
							trackingUrl: "",
							clickBeacon: ""
						}
					}
					-->
	<!-- ko if: $data.amendableOrder.allCallsAreSynchronized -->
		<!-- ko if: $data.amendableOrder.show --><!-- /ko -->

		<!-- ko ifnot: $data.amendableOrder.show -->

			
			<!-- ko if: $data.CTA.hasAvailableStatus && !!$data.CTA.text && !$data.viewGrocery -->
			<button class="button add-to-cart-btn limited-stock" data-bind="visible: $data.CTA.hasAvailableStatus, show: (!!$data.CTA.text), css: $data.CTA.status, attr: { 'data-click-tracking-url': $data.trackingUrl, 'data-click-beacon': $data.clickBeacon, 'aria-label': $data.CTA.status + ', ' + $data.CTA.text}" data-click-tracking-url="" data-click-beacon="" aria-label="limited-stock, Add to cart">
				<span class="ribbon-arrow" data-bind="html: $data.CTA.ribbonText, show: $data.CTA.ribbon">Limited Stock</span>
				<span class="btn-txt" data-bind="text: $data.CTA.text">Add to cart</span>
				<span class="loading-icon"></span>
			</button>
			<!-- /ko -->

			
			<!-- ko if: !$data.CTA.hasAvailableStatus && !!$data.CTA.text --><!-- /ko -->

			
			<!-- ko if: !$data.CTA.hasAvailableStatus && !$data.CTA.text --><!--/ko-->

			
			<!-- ko if: $data.CTA.hasAvailableStatus && !!$data.CTA.text  && $data.viewGrocery --><!-- /ko -->

		<!-- /ko -->

		<input type="hidden" data-bind="attr: { 'data-analytics-status-online': $data.selectedVariant.availability().statusOnline.status }" data-analytics-status-online="Available">
		<input type="hidden" data-bind="attr: { 'data-analytics-status-store': $data.selectedVariant.availability().statusStore.status }" data-analytics-status-store="">

	<!-- /ko -->
<!-- /ko --> <!-- /ko --> <!-- ko if : $root.findCartItemByRollupId('6000201734398') --><!-- /ko --> </div> </div> <input type="hidden" class="numSkus" value="1"> <input type="hidden" class="primary_parent_id" value="6000194349390"> <input type="hidden" class="categoryID" value="6000194349390"> <input type="hidden" class="displayTooltip" value="true"> <input type="hidden" class="productRollupID" value="6000201734398"> <input type="hidden" class="productID" value="6000201734399"> <input type="hidden" class="productSkus" value="{&quot;productid&quot;:&quot;6000201734399&quot;,&quot;skus&quot;:[[{&quot;skuid&quot;:&quot;6000201734399&quot;,&quot;minOrderQuantity&quot;:1,&quot;status&quot;:&quot;&quot;,&quot;eligibility_type&quot;:&quot;&quot;,&quot;date&quot;:&quot;&quot;,&quot;mfgr_sugd_rtl_amt&quot;:&quot;&quot;,&quot;price_comparison_qty&quot;:&quot;&quot;,&quot;price_comparison_unit&quot;:&quot;GR&quot;}]]}"> <input type="hidden" class="productQueryData" value="{&quot;6000201734398&quot;:[{&quot;sku&quot;:&quot;6000201734399&quot;,&quot;upc&quot;:[]}]}"> <input type="hidden" class="offerID" data-bind="attr: { value: $data.offerId }" value="6000201734399"> </div> </article>
<!-- /ko --> <!-- ko with: selectedVariant('6000201734274') -->
<article class="dynamic-cart-thumb stock-up-thumb product thumb-6000201734275 wgrid-2wAny marg-r-0" id="thumb-6000201734275" data-bind="css: { 'qty-toggle': $root.findCartItemByRollupId('6000201734274') }" data-rollup-id="6000201734274" data-automation="stock-up-thumb"> <div class="thumb-inner-wrap nutrition-enable nutrition-icon-enable"> <a class="product-link" data-bind="click: function() {$root.navigateToPip($data.availability().statusOnline.viewGroceryEligible &amp;&amp; $root.siteExperience() == 'gm', '/en/ip/great-value-old-cheddar-cheese/6000201734274')}, attr: {href: !($data.availability().statusOnline.viewGroceryEligible &amp;&amp; $root.siteExperience() == 'gm') ? '/en/ip/great-value-old-cheddar-cheese/6000201734274' : ''}" href="/en/ip/great-value-old-cheddar-cheese/6000201734274"> <div class="badge-container"> <!-- ko template: { name: 'product-badges', if: !!$data.badgesAnalytics(), data: { badges: badges, badgesAnalytics: badgesAnalytics, screenReaderHidden : true } } -->
	<div class="badges" data-analytics-type="badges" data-bind="{ attr: { 'data-analytics-value': $data.badgesAnalytics(), 'aria-hidden' : $data.screenReaderHidden }, css : {'only-for-screen-reader' : !$data.screenReaderHidden} }" data-analytics-value="empty_en,Exclusive" aria-hidden="true">
		<!-- ko foreach: { data: $data.badges, as: 'badge' } -->
			<!--ko ifnot: badge.isMultiSave --><!--/ko-->
		
			<!--ko if: badge.isMultiSave-->
			<div class="multisave-badges" data-bind="css: {'flyer-badges' : walmart.context.pageType === 'flyer'}">
				<div class="multisave-spark-container">
					<!--ko if: walmart.context.pageType === "flyer" --><!--/ko-->
					<!--ko ifnot: walmart.context.pageType === "flyer" -->
					<img src="/assets//img/multisave-badge/Multi-horizontal-en.svg">
					<!--/ko-->
				</div>
				<div class="multisave-price-count-container">
					<span class="badge-count" data-bind="text: badge.multiSave.quantity +' for'">2 for</span>
					<span class="badge-price" data-bind="html: badge.multiSave.price"><span>$</span>8</span>
				</div>
			</div>
			<!--/ko-->
		
		
			<!--ko ifnot: badge.isMultiSave -->
			<span class="badge" data-bind="text: badge.text, style: { color: badge.foregroundColor, background: badge.backgroundColor, border: badge.outlineColor }, attr: { id: badge.id, 'aria-label': 'On ' + badge.text + '.' }" id="Walmart Exclusive" aria-label="On Exclusive." style="color: rgb(0, 114, 206); background: rgb(255, 255, 255); border: 1px solid rgb(0, 114, 206);">Exclusive</span>
			<!--/ko-->
		
			<!--ko if: badge.isMultiSave--><!--/ko-->
		
		<!--/ko-->
	</div>
<!-- /ko --> <!-- ko ifnot: $data.badgesAnalytics() --><!-- /ko --> </div> <div aria-hidden="true" data-bind="template: { name: 'dynamic-thumb-qty-template', data: {item: $root.findCartItemByRollupId('6000201734274'), variants: 1 }}">

	<!--ko if: $data.item != null --><!-- /ko -->
</div> <div class="centered-img"> <div class="cmp-atc-thmb-wrp"> <span class="cmp-atc-thmb-state">✔</span><span class="cmp-atc-thmb-copy mobile-hide"></span> </div> <div class="centered-img-wrap"> <img alt="" class="image lazy-img" src="data:image/gif;base64,R0lGODlhAQABAIAAAAAAAP///yH5BAEAAAAALAAAAAABAAEAAAIBRAA7" data-original="//i5.walmartimages.ca/images/Thumbnails/014/494/627735014494.jpg?odnBound=200" width="200" height="200"> </div> </div> <div class="product-details-container"> <div class="details"> <div class="title" aria-label="Great Value Old Cheddar Cheese."> <h2 class="thumb-header">Great Value Old Cheddar Cheese</h2> </div> <!-- ko template: { name: 'product-badges', if: !!$data.badgesAnalytics(), data: { badges: badges, badgesAnalytics: badgesAnalytics, screenReaderHidden : false } } -->
	<div class="badges only-for-screen-reader" data-analytics-type="badges" data-bind="{ attr: { 'data-analytics-value': $data.badgesAnalytics(), 'aria-hidden' : $data.screenReaderHidden }, css : {'only-for-screen-reader' : !$data.screenReaderHidden} }" data-analytics-value="empty_en,Exclusive">
		<!-- ko foreach: { data: $data.badges, as: 'badge' } -->
			<!--ko ifnot: badge.isMultiSave --><!--/ko-->
		
			<!--ko if: badge.isMultiSave-->
			<div class="multisave-badges" data-bind="css: {'flyer-badges' : walmart.context.pageType === 'flyer'}">
				<div class="multisave-spark-container">
					<!--ko if: walmart.context.pageType === "flyer" --><!--/ko-->
					<!--ko ifnot: walmart.context.pageType === "flyer" -->
					<img src="/assets//img/multisave-badge/Multi-horizontal-en.svg">
					<!--/ko-->
				</div>
				<div class="multisave-price-count-container">
					<span class="badge-count" data-bind="text: badge.multiSave.quantity +' for'">2 for</span>
					<span class="badge-price" data-bind="html: badge.multiSave.price"><span>$</span>8</span>
				</div>
			</div>
			<!--/ko-->
		
		
			<!--ko ifnot: badge.isMultiSave -->
			<span class="badge" data-bind="text: badge.text, style: { color: badge.foregroundColor, background: badge.backgroundColor, border: badge.outlineColor }, attr: { id: badge.id, 'aria-label': 'On ' + badge.text + '.' }" id="Walmart Exclusive" aria-label="On Exclusive." style="color: rgb(0, 114, 206); background: rgb(255, 255, 255); border: 1px solid rgb(0, 114, 206);">Exclusive</span>
			<!--/ko-->
		
			<!--ko if: badge.isMultiSave--><!--/ko-->
		
		<!--/ko-->
	</div>
<!-- /ko --> <div class="only-for-screen-reader" data-bind="template: { name: 'dynamic-thumb-qty-template-only-for-screen-reader', data: {item: $root.findCartItemByRollupId('6000201734274'), variants: 1 }}">

	<!--ko if: $data.item != null --><!-- /ko -->
</div> <div class="description" aria-label="400 g."> 400 g </div> <div class="fade"></div> </div> <div class="ratings" data-automation="stock-up-ratings"> <div class="stars rating-1_0" aria-label="This product is rated 1 star out of 5 stars," data-bind="template: { name: 'star-ratings' }">
	 <i class="star"></i>  <i class="star"></i>  <i class="star"></i>  <i class="star"></i>  <i class="star"></i> 
</div> <span class="review-count" aria-label="based on 1 review.">1 Review</span> <div class="fade"></div> </div> <div class="pricing-spacer" data-bind="component: { name: 'was-pricing', params: availability().pricing }"><div class="price-was" data-bind="html: wasPriceDisplay"></div><div class="price-cover"></div><div class="price-cover-percent"></div><div class="price-unit" data-bind="template: {name: &quot;price-per-unit-tooltip-template&quot;, data: pricePerUnit, afterRender: $root.initPricingPopup }">
	<a class="popup-opener popup-align-left price-unit-tooltip" data-title-headline="" data-title="This is a unit of measurement to help you compare the value of this item. Please know, this is not the price of the item itself." data-bind="text: $data, attr:{'aria-label' : '. Price is measured as ' + $data}" aria-label=". Price is measured as $1.44/100g">$1.44/100g</a>
</div></div> <span class="all-price-sections"> <!-- ko ifnot: availability().pricing.mapPrice --> <div class="only-for-screen-reader" id="price">Price</div> <div class="price-current" data-bind="component: { name: 'current-pricing', params: { price: availability().pricing, simpleFormatting: true } }, css: { ranged: availability().pricing.ranged }"><div data-bind="possibleRangedCurrencyText: { data: price, simpleFormatting: simpleFormatting } "><span>$</span>5.77</div><div data-bind="template: {name: &quot;analytics-price-template&quot;, data: price, afterRender: $root.initVariableWeightPopup }">
	<span style="display:none;" data-analytics-type="product-price" class="product-price-analytics" data-analytics-value="5.77" data-bind="attr: { 'data-analytics-value': $data }">
	</span>
</div></div> <!-- /ko --> <!-- ko if: availability().pricing.mapPrice --><!-- /ko --> </span> </div> </a> <!-- ko if: true --> <div class="flyout-menu-trigger product-nutritionInfo" id="tooltip-6000201734274" aria-describedby="tooltip-desc-6000201734274" role="tooltip"> <button class="product-nutritionInfo-icon nutrition-icon-visible" aria-label="Nutritional Icon"></button> <div class="flyout-menu-wrap" analytics-trigger="analytics-ghs" analytics-data="ingredients" aria-expanded="false"> <button class="closeButton" aria-label="Nutritional Close"></button> <i class="arrow up"></i> <div class="flyout-menu-content"> <h3>Ingredients</h3> <div class="ingredients_content"> <p class="dietaryInfo" id="6000201734274"></p> </div> </div> </div> </div> <!-- /ko --> <div class="cart-qty-wrap"> <div class="floater"> <!-- ko ifnot : $root.findCartItemByRollupId('6000201734274') --> <!-- ko template: {
						name: 'a2c-or-next-order-button',
						data: {
							selectedVariant: $data,
							amendableOrder: $data.amendableOrder(),
							CTA: $data.CTA(),
							viewGrocery: $data.availability().statusOnline.viewGroceryEligible && $root.siteExperience() == "gm",
							detailUrl: "/en/ip/great-value-old-cheddar-cheese/6000201734274",
							trackingUrl: "",
							clickBeacon: ""
						}
					}
					-->
	<!-- ko if: $data.amendableOrder.allCallsAreSynchronized -->
		<!-- ko if: $data.amendableOrder.show --><!-- /ko -->

		<!-- ko ifnot: $data.amendableOrder.show -->

			
			<!-- ko if: $data.CTA.hasAvailableStatus && !!$data.CTA.text && !$data.viewGrocery -->
			<button class="button add-to-cart-btn limited-stock" data-bind="visible: $data.CTA.hasAvailableStatus, show: (!!$data.CTA.text), css: $data.CTA.status, attr: { 'data-click-tracking-url': $data.trackingUrl, 'data-click-beacon': $data.clickBeacon, 'aria-label': $data.CTA.status + ', ' + $data.CTA.text}" data-click-tracking-url="" data-click-beacon="" aria-label="limited-stock, Add to cart">
				<span class="ribbon-arrow" data-bind="html: $data.CTA.ribbonText, show: $data.CTA.ribbon">Limited Stock</span>
				<span class="btn-txt" data-bind="text: $data.CTA.text">Add to cart</span>
				<span class="loading-icon"></span>
			</button>
			<!-- /ko -->

			
			<!-- ko if: !$data.CTA.hasAvailableStatus && !!$data.CTA.text --><!-- /ko -->

			
			<!-- ko if: !$data.CTA.hasAvailableStatus && !$data.CTA.text --><!--/ko-->

			
			<!-- ko if: $data.CTA.hasAvailableStatus && !!$data.CTA.text  && $data.viewGrocery --><!-- /ko -->

		<!-- /ko -->

		<input type="hidden" data-bind="attr: { 'data-analytics-status-online': $data.selectedVariant.availability().statusOnline.status }" data-analytics-status-online="Available">
		<input type="hidden" data-bind="attr: { 'data-analytics-status-store': $data.selectedVariant.availability().statusStore.status }" data-analytics-status-store="">

	<!-- /ko -->
<!-- /ko --> <!-- /ko --> <!-- ko if : $root.findCartItemByRollupId('6000201734274') --><!-- /ko --> </div> </div> <input type="hidden" class="numSkus" value="1"> <input type="hidden" class="primary_parent_id" value="6000194349390"> <input type="hidden" class="categoryID" value="6000194349390"> <input type="hidden" class="displayTooltip" value="true"> <input type="hidden" class="productRollupID" value="6000201734274"> <input type="hidden" class="productID" value="6000201734275"> <input type="hidden" class="productSkus" value="{&quot;productid&quot;:&quot;6000201734275&quot;,&quot;skus&quot;:[[{&quot;skuid&quot;:&quot;6000201734275&quot;,&quot;minOrderQuantity&quot;:1,&quot;status&quot;:&quot;&quot;,&quot;eligibility_type&quot;:&quot;&quot;,&quot;date&quot;:&quot;&quot;,&quot;mfgr_sugd_rtl_amt&quot;:&quot;&quot;,&quot;price_comparison_qty&quot;:&quot;&quot;,&quot;price_comparison_unit&quot;:&quot;GR&quot;}]]}"> <input type="hidden" class="productQueryData" value="{&quot;6000201734274&quot;:[{&quot;sku&quot;:&quot;6000201734275&quot;,&quot;upc&quot;:[]}]}"> <input type="hidden" class="offerID" data-bind="attr: { value: $data.offerId }" value="6000201734275"> </div> </article>
<!-- /ko --> <!-- ko with: selectedVariant('6000079800063') -->
<div class="shelf-spacer"></div><article class="dynamic-cart-thumb stock-up-thumb product thumb-10189652 wgrid-2wAny marg-l-0" id="thumb-10189652" data-bind="css: { 'qty-toggle': $root.findCartItemByRollupId('6000079800063') }" data-rollup-id="6000079800063" data-automation="stock-up-thumb"> <div class="thumb-inner-wrap nutrition-enable nutrition-icon-enable"> <a class="product-link" data-bind="click: function() {$root.navigateToPip($data.availability().statusOnline.viewGroceryEligible &amp;&amp; $root.siteExperience() == 'gm', '/en/ip/dairyland-2-partly-skimmed-milk/6000079800063')}, attr: {href: !($data.availability().statusOnline.viewGroceryEligible &amp;&amp; $root.siteExperience() == 'gm') ? '/en/ip/dairyland-2-partly-skimmed-milk/6000079800063' : ''}" href="/en/ip/dairyland-2-partly-skimmed-milk/6000079800063"> <div class="badge-container"> <!-- ko template: { name: 'product-badges', if: !!$data.badgesAnalytics(), data: { badges: badges, badgesAnalytics: badgesAnalytics, screenReaderHidden : true } } --><!-- /ko --> <!-- ko ifnot: $data.badgesAnalytics() --> <span class="badge"></span> <!-- /ko --> </div> <div aria-hidden="true" data-bind="template: { name: 'dynamic-thumb-qty-template', data: {item: $root.findCartItemByRollupId('6000079800063'), variants: 1 }}">

	<!--ko if: $data.item != null --><!-- /ko -->
</div> <div class="centered-img"> <div class="cmp-atc-thmb-wrp"> <span class="cmp-atc-thmb-state">✔</span><span class="cmp-atc-thmb-copy mobile-hide"></span> </div> <div class="centered-img-wrap"> <img alt="" class="image lazy-img" src="data:image/gif;base64,R0lGODlhAQABAIAAAAAAAP///yH5BAEAAAAALAAAAAABAAEAAAIBRAA7" data-original="//i5.walmartimages.ca/images/Thumbnails/190/862/190862.jpg?odnBound=200" width="200" height="200"> </div> </div> <div class="product-details-container"> <div class="details"> <div class="title" aria-label="Dairyland 2% Partly skimmed milk."> <h2 class="thumb-header">Dairyland 2% Partly skimmed milk</h2> </div> <!-- ko template: { name: 'product-badges', if: !!$data.badgesAnalytics(), data: { badges: badges, badgesAnalytics: badgesAnalytics, screenReaderHidden : false } } --><!-- /ko --> <div class="only-for-screen-reader" data-bind="template: { name: 'dynamic-thumb-qty-template-only-for-screen-reader', data: {item: $root.findCartItemByRollupId('6000079800063'), variants: 1 }}">

	<!--ko if: $data.item != null --><!-- /ko -->
</div> <div class="description" aria-label="2 L."> 2 L </div> <div class="fade"></div> </div> <div class="ratings" data-automation="stock-up-ratings"> <div class="stars rating-0_0" aria-label="This product has not been rated." data-bind="template: { name: 'star-ratings' }">
	 <i class="star"></i>  <i class="star"></i>  <i class="star"></i>  <i class="star"></i>  <i class="star"></i> 
</div> <span class="review-count" aria-label="This product hasn’t been reviewed.">0 Reviews</span> <div class="fade"></div> </div> <div class="pricing-spacer" data-bind="component: { name: 'was-pricing', params: availability().pricing }"><div class="price-was" data-bind="html: wasPriceDisplay"></div><div class="price-cover"></div><div class="price-cover-percent"></div><div class="price-unit" data-bind="template: {name: &quot;price-per-unit-tooltip-template&quot;, data: pricePerUnit, afterRender: $root.initPricingPopup }">
	<a class="popup-opener popup-align-left price-unit-tooltip" data-title-headline="" data-title="This is a unit of measurement to help you compare the value of this item. Please know, this is not the price of the item itself." data-bind="text: $data, attr:{'aria-label' : '. Price is measured as ' + $data}" aria-label=". Price is measured as 19¢/100ml">19¢/100ml</a>
</div></div> <span class="all-price-sections"> <!-- ko ifnot: availability().pricing.mapPrice --> <div class="only-for-screen-reader" id="price">Price</div> <div class="price-current" data-bind="component: { name: 'current-pricing', params: { price: availability().pricing, simpleFormatting: true } }, css: { ranged: availability().pricing.ranged }"><div data-bind="possibleRangedCurrencyText: { data: price, simpleFormatting: simpleFormatting } "><span>$</span>3.87</div><div data-bind="template: {name: &quot;analytics-price-template&quot;, data: price, afterRender: $root.initVariableWeightPopup }">
	<span style="display:none;" data-analytics-type="product-price" class="product-price-analytics" data-analytics-value="3.87" data-bind="attr: { 'data-analytics-value': $data }">
	</span>
</div></div> <!-- /ko --> <!-- ko if: availability().pricing.mapPrice --><!-- /ko --> </span> </div> </a> <!-- ko if: true --> <div class="flyout-menu-trigger product-nutritionInfo" id="tooltip-6000079800063" aria-describedby="tooltip-desc-6000079800063" role="tooltip"> <button class="product-nutritionInfo-icon nutrition-icon-visible" aria-label="Nutritional Icon"></button> <div class="flyout-menu-wrap" analytics-trigger="analytics-ghs" analytics-data="ingredients" aria-expanded="false"> <button class="closeButton" aria-label="Nutritional Close"></button> <i class="arrow up"></i> <div class="flyout-menu-content"> <h3>Ingredients</h3> <div class="ingredients_content"> <p class="dietaryInfo" id="6000079800063"></p> </div> </div> </div> </div> <!-- /ko --> <div class="cart-qty-wrap"> <div class="floater"> <!-- ko ifnot : $root.findCartItemByRollupId('6000079800063') --> <!-- ko template: {
						name: 'a2c-or-next-order-button',
						data: {
							selectedVariant: $data,
							amendableOrder: $data.amendableOrder(),
							CTA: $data.CTA(),
							viewGrocery: $data.availability().statusOnline.viewGroceryEligible && $root.siteExperience() == "gm",
							detailUrl: "/en/ip/dairyland-2-partly-skimmed-milk/6000079800063",
							trackingUrl: "",
							clickBeacon: ""
						}
					}
					-->
	<!-- ko if: $data.amendableOrder.allCallsAreSynchronized -->
		<!-- ko if: $data.amendableOrder.show --><!-- /ko -->

		<!-- ko ifnot: $data.amendableOrder.show -->

			
			<!-- ko if: $data.CTA.hasAvailableStatus && !!$data.CTA.text && !$data.viewGrocery -->
			<button class="button add-to-cart-btn limited-stock" data-bind="visible: $data.CTA.hasAvailableStatus, show: (!!$data.CTA.text), css: $data.CTA.status, attr: { 'data-click-tracking-url': $data.trackingUrl, 'data-click-beacon': $data.clickBeacon, 'aria-label': $data.CTA.status + ', ' + $data.CTA.text}" data-click-tracking-url="" data-click-beacon="" aria-label="limited-stock, Add to cart">
				<span class="ribbon-arrow" data-bind="html: $data.CTA.ribbonText, show: $data.CTA.ribbon">Limited Stock</span>
				<span class="btn-txt" data-bind="text: $data.CTA.text">Add to cart</span>
				<span class="loading-icon"></span>
			</button>
			<!-- /ko -->

			
			<!-- ko if: !$data.CTA.hasAvailableStatus && !!$data.CTA.text --><!-- /ko -->

			
			<!-- ko if: !$data.CTA.hasAvailableStatus && !$data.CTA.text --><!--/ko-->

			
			<!-- ko if: $data.CTA.hasAvailableStatus && !!$data.CTA.text  && $data.viewGrocery --><!-- /ko -->

		<!-- /ko -->

		<input type="hidden" data-bind="attr: { 'data-analytics-status-online': $data.selectedVariant.availability().statusOnline.status }" data-analytics-status-online="Available">
		<input type="hidden" data-bind="attr: { 'data-analytics-status-store': $data.selectedVariant.availability().statusStore.status }" data-analytics-status-store="">

	<!-- /ko -->
<!-- /ko --> <!-- /ko --> <!-- ko if : $root.findCartItemByRollupId('6000079800063') --><!-- /ko --> </div> </div> <input type="hidden" class="numSkus" value="1"> <input type="hidden" class="primary_parent_id" value="6000194349400"> <input type="hidden" class="categoryID" value="6000194349400"> <input type="hidden" class="displayTooltip" value="true"> <input type="hidden" class="productRollupID" value="6000079800063"> <input type="hidden" class="productID" value="10189652"> <input type="hidden" class="productSkus" value="{&quot;productid&quot;:&quot;10189652&quot;,&quot;skus&quot;:[[{&quot;skuid&quot;:&quot;10189652&quot;,&quot;minOrderQuantity&quot;:1,&quot;status&quot;:&quot;&quot;,&quot;eligibility_type&quot;:&quot;&quot;,&quot;date&quot;:&quot;&quot;,&quot;mfgr_sugd_rtl_amt&quot;:&quot;&quot;,&quot;price_comparison_qty&quot;:&quot;&quot;,&quot;price_comparison_unit&quot;:&quot;ML&quot;}]]}"> <input type="hidden" class="productQueryData" value="{&quot;6000079800063&quot;:[{&quot;sku&quot;:&quot;10189652&quot;,&quot;upc&quot;:[]}]}"> <input type="hidden" class="offerID" data-bind="attr: { value: $data.offerId }" value="10189652"> </div> </article>
<!-- /ko --> <!-- ko with: selectedVariant('6000196210378') -->
<article class="dynamic-cart-thumb stock-up-thumb product thumb-6000196210379 wgrid-2wAny" id="thumb-6000196210379" data-bind="css: { 'qty-toggle': $root.findCartItemByRollupId('6000196210378') }" data-rollup-id="6000196210378" data-automation="stock-up-thumb"> <div class="thumb-inner-wrap nutrition-enable nutrition-icon-enable"> <a class="product-link" data-bind="click: function() {$root.navigateToPip($data.availability().statusOnline.viewGroceryEligible &amp;&amp; $root.siteExperience() == 'gm', '/en/ip/dairyland1-chocolatemilkbeverage/6000196210378')}, attr: {href: !($data.availability().statusOnline.viewGroceryEligible &amp;&amp; $root.siteExperience() == 'gm') ? '/en/ip/dairyland1-chocolatemilkbeverage/6000196210378' : ''}" href="/en/ip/dairyland1-chocolatemilkbeverage/6000196210378"> <div class="badge-container"> <!-- ko template: { name: 'product-badges', if: !!$data.badgesAnalytics(), data: { badges: badges, badgesAnalytics: badgesAnalytics, screenReaderHidden : true } } --><!-- /ko --> <!-- ko ifnot: $data.badgesAnalytics() --> <span class="badge"></span> <!-- /ko --> </div> <div aria-hidden="true" data-bind="template: { name: 'dynamic-thumb-qty-template', data: {item: $root.findCartItemByRollupId('6000196210378'), variants: 1 }}">

	<!--ko if: $data.item != null --><!-- /ko -->
</div> <div class="centered-img"> <div class="cmp-atc-thmb-wrp"> <span class="cmp-atc-thmb-state">✔</span><span class="cmp-atc-thmb-copy mobile-hide"></span> </div> <div class="centered-img-wrap"> <img alt="" class="image lazy-img" src="data:image/gif;base64,R0lGODlhAQABAIAAAAAAAP///yH5BAEAAAAALAAAAAABAAEAAAIBRAA7" data-original="//i5.walmartimages.ca/images/Thumbnails/101/403/999999-68700101403.jpg?odnBound=200" width="200" height="200"> </div> </div> <div class="product-details-container"> <div class="details"> <div class="title" aria-label="Dairyland&amp;nbsp;1% Chocolate&amp;nbsp;Milk&amp;nbsp;Beverage."> <h2 class="thumb-header">Dairyland&nbsp;1% Chocolate&nbsp;Milk&nbsp;Beverage</h2> </div> <!-- ko template: { name: 'product-badges', if: !!$data.badgesAnalytics(), data: { badges: badges, badgesAnalytics: badgesAnalytics, screenReaderHidden : false } } --><!-- /ko --> <div class="only-for-screen-reader" data-bind="template: { name: 'dynamic-thumb-qty-template-only-for-screen-reader', data: {item: $root.findCartItemByRollupId('6000196210378'), variants: 1 }}">

	<!--ko if: $data.item != null --><!-- /ko -->
</div> <div class="description" aria-label="750 mL."> 750 mL </div> <div class="fade"></div> </div> <div class="ratings" data-automation="stock-up-ratings"> <div class="stars rating-0_0" aria-label="This product has not been rated." data-bind="template: { name: 'star-ratings' }">
	 <i class="star"></i>  <i class="star"></i>  <i class="star"></i>  <i class="star"></i>  <i class="star"></i> 
</div> <span class="review-count" aria-label="This product hasn’t been reviewed.">0 Reviews</span> <div class="fade"></div> </div> <div class="pricing-spacer" data-bind="component: { name: 'was-pricing', params: availability().pricing }"><div class="price-was" data-bind="html: wasPriceDisplay"></div><div class="price-cover"></div><div class="price-cover-percent"></div><div class="price-unit" data-bind="template: {name: &quot;price-per-unit-tooltip-template&quot;, data: pricePerUnit, afterRender: $root.initPricingPopup }">
	<a class="popup-opener popup-align-left price-unit-tooltip" data-title-headline="" data-title="This is a unit of measurement to help you compare the value of this item. Please know, this is not the price of the item itself." data-bind="text: $data, attr:{'aria-label' : '. Price is measured as ' + $data}" aria-label=". Price is measured as 18¢/100ml">18¢/100ml</a>
</div></div> <span class="all-price-sections"> <!-- ko ifnot: availability().pricing.mapPrice --> <div class="only-for-screen-reader" id="price">Price</div> <div class="price-current" data-bind="component: { name: 'current-pricing', params: { price: availability().pricing, simpleFormatting: true } }, css: { ranged: availability().pricing.ranged }"><div data-bind="possibleRangedCurrencyText: { data: price, simpleFormatting: simpleFormatting } "><span>$</span>1.34</div><div data-bind="template: {name: &quot;analytics-price-template&quot;, data: price, afterRender: $root.initVariableWeightPopup }">
	<span style="display:none;" data-analytics-type="product-price" class="product-price-analytics" data-analytics-value="1.34" data-bind="attr: { 'data-analytics-value': $data }">
	</span>
</div></div> <!-- /ko --> <!-- ko if: availability().pricing.mapPrice --><!-- /ko --> </span> </div> </a> <!-- ko if: true --> <div class="flyout-menu-trigger product-nutritionInfo" id="tooltip-6000196210378" aria-describedby="tooltip-desc-6000196210378" role="tooltip"> <button class="product-nutritionInfo-icon nutrition-icon-visible" aria-label="Nutritional Icon"></button> <div class="flyout-menu-wrap" analytics-trigger="analytics-ghs" analytics-data="ingredients" aria-expanded="false"> <button class="closeButton" aria-label="Nutritional Close"></button> <i class="arrow up"></i> <div class="flyout-menu-content"> <h3>Ingredients</h3> <div class="ingredients_content"> <p class="dietaryInfo" id="6000196210378"></p> </div> </div> </div> </div> <!-- /ko --> <div class="cart-qty-wrap"> <div class="floater"> <!-- ko ifnot : $root.findCartItemByRollupId('6000196210378') --> <!-- ko template: {
						name: 'a2c-or-next-order-button',
						data: {
							selectedVariant: $data,
							amendableOrder: $data.amendableOrder(),
							CTA: $data.CTA(),
							viewGrocery: $data.availability().statusOnline.viewGroceryEligible && $root.siteExperience() == "gm",
							detailUrl: "/en/ip/dairyland1-chocolatemilkbeverage/6000196210378",
							trackingUrl: "",
							clickBeacon: ""
						}
					}
					-->
	<!-- ko if: $data.amendableOrder.allCallsAreSynchronized -->
		<!-- ko if: $data.amendableOrder.show --><!-- /ko -->

		<!-- ko ifnot: $data.amendableOrder.show -->

			
			<!-- ko if: $data.CTA.hasAvailableStatus && !!$data.CTA.text && !$data.viewGrocery -->
			<button class="button add-to-cart-btn limited-stock" data-bind="visible: $data.CTA.hasAvailableStatus, show: (!!$data.CTA.text), css: $data.CTA.status, attr: { 'data-click-tracking-url': $data.trackingUrl, 'data-click-beacon': $data.clickBeacon, 'aria-label': $data.CTA.status + ', ' + $data.CTA.text}" data-click-tracking-url="" data-click-beacon="" aria-label="limited-stock, Add to cart">
				<span class="ribbon-arrow" data-bind="html: $data.CTA.ribbonText, show: $data.CTA.ribbon">Limited Stock</span>
				<span class="btn-txt" data-bind="text: $data.CTA.text">Add to cart</span>
				<span class="loading-icon"></span>
			</button>
			<!-- /ko -->

			
			<!-- ko if: !$data.CTA.hasAvailableStatus && !!$data.CTA.text --><!-- /ko -->

			
			<!-- ko if: !$data.CTA.hasAvailableStatus && !$data.CTA.text --><!--/ko-->

			
			<!-- ko if: $data.CTA.hasAvailableStatus && !!$data.CTA.text  && $data.viewGrocery --><!-- /ko -->

		<!-- /ko -->

		<input type="hidden" data-bind="attr: { 'data-analytics-status-online': $data.selectedVariant.availability().statusOnline.status }" data-analytics-status-online="Available">
		<input type="hidden" data-bind="attr: { 'data-analytics-status-store': $data.selectedVariant.availability().statusStore.status }" data-analytics-status-store="">

	<!-- /ko -->
<!-- /ko --> <!-- /ko --> <!-- ko if : $root.findCartItemByRollupId('6000196210378') --><!-- /ko --> </div> </div> <input type="hidden" class="numSkus" value="1"> <input type="hidden" class="primary_parent_id" value="6000194349384"> <input type="hidden" class="categoryID" value="6000194349384"> <input type="hidden" class="displayTooltip" value="true"> <input type="hidden" class="productRollupID" value="6000196210378"> <input type="hidden" class="productID" value="6000196210379"> <input type="hidden" class="productSkus" value="{&quot;productid&quot;:&quot;6000196210379&quot;,&quot;skus&quot;:[[{&quot;skuid&quot;:&quot;6000196210379&quot;,&quot;minOrderQuantity&quot;:1,&quot;status&quot;:&quot;&quot;,&quot;eligibility_type&quot;:&quot;&quot;,&quot;date&quot;:&quot;&quot;,&quot;mfgr_sugd_rtl_amt&quot;:&quot;&quot;,&quot;price_comparison_qty&quot;:&quot;&quot;,&quot;price_comparison_unit&quot;:&quot;&quot;}]]}"> <input type="hidden" class="productQueryData" value="{&quot;6000196210378&quot;:[{&quot;sku&quot;:&quot;6000196210379&quot;,&quot;upc&quot;:[]}]}"> <input type="hidden" class="offerID" data-bind="attr: { value: $data.offerId }" value="6000196210379"> </div> </article>
<!-- /ko --> <!-- ko with: selectedVariant('6000074943776') -->
<article class="dynamic-cart-thumb stock-up-thumb product thumb-10182375 wgrid-2wAny" id="thumb-10182375" data-bind="css: { 'qty-toggle': $root.findCartItemByRollupId('6000074943776') }" data-rollup-id="6000074943776" data-automation="stock-up-thumb"> <div class="thumb-inner-wrap nutrition-enable nutrition-icon-enable"> <a class="product-link" data-bind="click: function() {$root.navigateToPip($data.availability().statusOnline.viewGroceryEligible &amp;&amp; $root.siteExperience() == 'gm', '/en/ip/dairyland-10-half-half-cereal-cream/6000074943776')}, attr: {href: !($data.availability().statusOnline.viewGroceryEligible &amp;&amp; $root.siteExperience() == 'gm') ? '/en/ip/dairyland-10-half-half-cereal-cream/6000074943776' : ''}" href="/en/ip/dairyland-10-half-half-cereal-cream/6000074943776"> <div class="badge-container"> <!-- ko template: { name: 'product-badges', if: !!$data.badgesAnalytics(), data: { badges: badges, badgesAnalytics: badgesAnalytics, screenReaderHidden : true } } --><!-- /ko --> <!-- ko ifnot: $data.badgesAnalytics() --> <span class="badge"></span> <!-- /ko --> </div> <div aria-hidden="true" data-bind="template: { name: 'dynamic-thumb-qty-template', data: {item: $root.findCartItemByRollupId('6000074943776'), variants: 1 }}">

	<!--ko if: $data.item != null --><!-- /ko -->
</div> <div class="centered-img"> <div class="cmp-atc-thmb-wrp"> <span class="cmp-atc-thmb-state">✔</span><span class="cmp-atc-thmb-copy mobile-hide"></span> </div> <div class="centered-img-wrap"> <img alt="" class="image lazy-img" src="data:image/gif;base64,R0lGODlhAQABAIAAAAAAAP///yH5BAEAAAAALAAAAAABAAEAAAIBRAA7" data-original="//i5.walmartimages.ca/images/Thumbnails/014/800/999999-6870014800.jpg?odnBound=200" width="200" height="200"> </div> </div> <div class="product-details-container"> <div class="details"> <div class="title" aria-label="Dairyland 10% Half &amp; Half Cereal Cream."> <h2 class="thumb-header">Dairyland 10% Half &amp; Half Cereal Cream</h2> </div> <!-- ko template: { name: 'product-badges', if: !!$data.badgesAnalytics(), data: { badges: badges, badgesAnalytics: badgesAnalytics, screenReaderHidden : false } } --><!-- /ko --> <div class="only-for-screen-reader" data-bind="template: { name: 'dynamic-thumb-qty-template-only-for-screen-reader', data: {item: $root.findCartItemByRollupId('6000074943776'), variants: 1 }}">

	<!--ko if: $data.item != null --><!-- /ko -->
</div> <div class="description" aria-label="1 L."> 1 L </div> <div class="fade"></div> </div> <div class="ratings" data-automation="stock-up-ratings"> <div class="stars rating-0_0" aria-label="This product has not been rated." data-bind="template: { name: 'star-ratings' }">
	 <i class="star"></i>  <i class="star"></i>  <i class="star"></i>  <i class="star"></i>  <i class="star"></i> 
</div> <span class="review-count" aria-label="This product hasn’t been reviewed.">0 Reviews</span> <div class="fade"></div> </div> <div class="pricing-spacer" data-bind="component: { name: 'was-pricing', params: availability().pricing }"><div class="price-was" data-bind="html: wasPriceDisplay"></div><div class="price-cover"></div><div class="price-cover-percent"></div><div class="price-unit" data-bind="template: {name: &quot;price-per-unit-tooltip-template&quot;, data: pricePerUnit, afterRender: $root.initPricingPopup }">
	<a class="popup-opener popup-align-left price-unit-tooltip" data-title-headline="" data-title="This is a unit of measurement to help you compare the value of this item. Please know, this is not the price of the item itself." data-bind="text: $data, attr:{'aria-label' : '. Price is measured as ' + $data}" aria-label=". Price is measured as $297/100l">$297/100l</a>
</div></div> <span class="all-price-sections"> <!-- ko ifnot: availability().pricing.mapPrice --> <div class="only-for-screen-reader" id="price">Price</div> <div class="price-current" data-bind="component: { name: 'current-pricing', params: { price: availability().pricing, simpleFormatting: true } }, css: { ranged: availability().pricing.ranged }"><div data-bind="possibleRangedCurrencyText: { data: price, simpleFormatting: simpleFormatting } "><span>$</span>2.97</div><div data-bind="template: {name: &quot;analytics-price-template&quot;, data: price, afterRender: $root.initVariableWeightPopup }">
	<span style="display:none;" data-analytics-type="product-price" class="product-price-analytics" data-analytics-value="2.97" data-bind="attr: { 'data-analytics-value': $data }">
	</span>
</div></div> <!-- /ko --> <!-- ko if: availability().pricing.mapPrice --><!-- /ko --> </span> </div> </a> <!-- ko if: true --> <div class="flyout-menu-trigger product-nutritionInfo" id="tooltip-6000074943776" aria-describedby="tooltip-desc-6000074943776" role="tooltip"> <button class="product-nutritionInfo-icon nutrition-icon-visible" aria-label="Nutritional Icon"></button> <div class="flyout-menu-wrap" analytics-trigger="analytics-ghs" analytics-data="ingredients" aria-expanded="false"> <button class="closeButton" aria-label="Nutritional Close"></button> <i class="arrow up"></i> <div class="flyout-menu-content"> <h3>Ingredients</h3> <div class="ingredients_content"> <p class="dietaryInfo" id="6000074943776"></p> </div> </div> </div> </div> <!-- /ko --> <div class="cart-qty-wrap"> <div class="floater"> <!-- ko ifnot : $root.findCartItemByRollupId('6000074943776') --> <!-- ko template: {
						name: 'a2c-or-next-order-button',
						data: {
							selectedVariant: $data,
							amendableOrder: $data.amendableOrder(),
							CTA: $data.CTA(),
							viewGrocery: $data.availability().statusOnline.viewGroceryEligible && $root.siteExperience() == "gm",
							detailUrl: "/en/ip/dairyland-10-half-half-cereal-cream/6000074943776",
							trackingUrl: "",
							clickBeacon: ""
						}
					}
					-->
	<!-- ko if: $data.amendableOrder.allCallsAreSynchronized -->
		<!-- ko if: $data.amendableOrder.show --><!-- /ko -->

		<!-- ko ifnot: $data.amendableOrder.show -->

			
			<!-- ko if: $data.CTA.hasAvailableStatus && !!$data.CTA.text && !$data.viewGrocery -->
			<button class="button add-to-cart-btn limited-stock" data-bind="visible: $data.CTA.hasAvailableStatus, show: (!!$data.CTA.text), css: $data.CTA.status, attr: { 'data-click-tracking-url': $data.trackingUrl, 'data-click-beacon': $data.clickBeacon, 'aria-label': $data.CTA.status + ', ' + $data.CTA.text}" data-click-tracking-url="" data-click-beacon="" aria-label="limited-stock, Add to cart">
				<span class="ribbon-arrow" data-bind="html: $data.CTA.ribbonText, show: $data.CTA.ribbon">Limited Stock</span>
				<span class="btn-txt" data-bind="text: $data.CTA.text">Add to cart</span>
				<span class="loading-icon"></span>
			</button>
			<!-- /ko -->

			
			<!-- ko if: !$data.CTA.hasAvailableStatus && !!$data.CTA.text --><!-- /ko -->

			
			<!-- ko if: !$data.CTA.hasAvailableStatus && !$data.CTA.text --><!--/ko-->

			
			<!-- ko if: $data.CTA.hasAvailableStatus && !!$data.CTA.text  && $data.viewGrocery --><!-- /ko -->

		<!-- /ko -->

		<input type="hidden" data-bind="attr: { 'data-analytics-status-online': $data.selectedVariant.availability().statusOnline.status }" data-analytics-status-online="Available">
		<input type="hidden" data-bind="attr: { 'data-analytics-status-store': $data.selectedVariant.availability().statusStore.status }" data-analytics-status-store="">

	<!-- /ko -->
<!-- /ko --> <!-- /ko --> <!-- ko if : $root.findCartItemByRollupId('6000074943776') --><!-- /ko --> </div> </div> <input type="hidden" class="numSkus" value="1"> <input type="hidden" class="primary_parent_id" value="6000194349396"> <input type="hidden" class="categoryID" value="6000194349396"> <input type="hidden" class="displayTooltip" value="true"> <input type="hidden" class="productRollupID" value="6000074943776"> <input type="hidden" class="productID" value="10182375"> <input type="hidden" class="productSkus" value="{&quot;productid&quot;:&quot;10182375&quot;,&quot;skus&quot;:[[{&quot;skuid&quot;:&quot;10182375&quot;,&quot;minOrderQuantity&quot;:1,&quot;status&quot;:&quot;&quot;,&quot;eligibility_type&quot;:&quot;&quot;,&quot;date&quot;:&quot;&quot;,&quot;mfgr_sugd_rtl_amt&quot;:&quot;&quot;,&quot;price_comparison_qty&quot;:&quot;&quot;,&quot;price_comparison_unit&quot;:&quot;&quot;}]]}"> <input type="hidden" class="productQueryData" value="{&quot;6000074943776&quot;:[{&quot;sku&quot;:&quot;10182375&quot;,&quot;upc&quot;:[]}]}"> <input type="hidden" class="offerID" data-bind="attr: { value: $data.offerId }" value="10182375"> </div> </article>
<!-- /ko --> <!-- ko with: selectedVariant('6000016935598') -->
<article class="dynamic-cart-thumb stock-up-thumb product thumb-206399 wgrid-2wAny marg-r-0" id="thumb-206399" data-bind="css: { 'qty-toggle': $root.findCartItemByRollupId('6000016935598') }" data-rollup-id="6000016935598" data-automation="stock-up-thumb"> <div class="thumb-inner-wrap nutrition-enable nutrition-icon-enable"> <a class="product-link" data-bind="click: function() {$root.navigateToPip($data.availability().statusOnline.viewGroceryEligible &amp;&amp; $root.siteExperience() == 'gm', '/en/ip/becel-original-margarine/6000016935598')}, attr: {href: !($data.availability().statusOnline.viewGroceryEligible &amp;&amp; $root.siteExperience() == 'gm') ? '/en/ip/becel-original-margarine/6000016935598' : ''}" href="/en/ip/becel-original-margarine/6000016935598"> <div class="badge-container"> <!-- ko template: { name: 'product-badges', if: !!$data.badgesAnalytics(), data: { badges: badges, badgesAnalytics: badgesAnalytics, screenReaderHidden : true } } --><!-- /ko --> <!-- ko ifnot: $data.badgesAnalytics() --> <span class="badge"></span> <!-- /ko --> </div> <div aria-hidden="true" data-bind="template: { name: 'dynamic-thumb-qty-template', data: {item: $root.findCartItemByRollupId('6000016935598'), variants: 1 }}">

	<!--ko if: $data.item != null --><!-- /ko -->
</div> <div class="centered-img"> <div class="cmp-atc-thmb-wrp"> <span class="cmp-atc-thmb-state">✔</span><span class="cmp-atc-thmb-copy mobile-hide"></span> </div> <div class="centered-img-wrap"> <img alt="" class="image lazy-img" src="data:image/gif;base64,R0lGODlhAQABAIAAAAAAAP///yH5BAEAAAAALAAAAAABAAEAAAIBRAA7" data-original="//i5.walmartimages.ca/images/Thumbnails/293/228/6000201293228.jpg?odnBound=200" width="200" height="200"> </div> </div> <div class="product-details-container"> <div class="details"> <div class="title" aria-label="Becel® Original Margarine."> <h2 class="thumb-header">Becel® Original Margarine</h2> </div> <!-- ko template: { name: 'product-badges', if: !!$data.badgesAnalytics(), data: { badges: badges, badgesAnalytics: badgesAnalytics, screenReaderHidden : false } } --><!-- /ko --> <div class="only-for-screen-reader" data-bind="template: { name: 'dynamic-thumb-qty-template-only-for-screen-reader', data: {item: $root.findCartItemByRollupId('6000016935598'), variants: 1 }}">

	<!--ko if: $data.item != null --><!-- /ko -->
</div> <div class="description" aria-label="907 g."> 907 g </div> <div class="fade"></div> </div> <div class="ratings" data-automation="stock-up-ratings"> <div class="stars rating-4_5" aria-label="This product is rated 4.5 stars out of 5 stars," data-bind="template: { name: 'star-ratings' }">
	 <i class="star"></i>  <i class="star"></i>  <i class="star"></i>  <i class="star"></i>  <i class="star"></i> 
</div> <span class="review-count" aria-label="based on 676 reviews.">676 Reviews</span> <div class="fade"></div> </div> <div class="pricing-spacer" data-bind="component: { name: 'was-pricing', params: availability().pricing }"><div class="price-was" data-bind="html: wasPriceDisplay"></div><div class="price-cover"></div><div class="price-cover-percent"></div><div class="price-unit" data-bind="template: {name: &quot;price-per-unit-tooltip-template&quot;, data: pricePerUnit, afterRender: $root.initPricingPopup }">
	<a class="popup-opener popup-align-left price-unit-tooltip" data-title-headline="" data-title="This is a unit of measurement to help you compare the value of this item. Please know, this is not the price of the item itself." data-bind="text: $data, attr:{'aria-label' : '. Price is measured as ' + $data}" aria-label=". Price is measured as 53¢/100g">53¢/100g</a>
</div></div> <span class="all-price-sections"> <!-- ko ifnot: availability().pricing.mapPrice --> <div class="only-for-screen-reader" id="price">Price</div> <div class="price-current" data-bind="component: { name: 'current-pricing', params: { price: availability().pricing, simpleFormatting: true } }, css: { ranged: availability().pricing.ranged }"><div data-bind="possibleRangedCurrencyText: { data: price, simpleFormatting: simpleFormatting } "><span>$</span>4.77</div><div data-bind="template: {name: &quot;analytics-price-template&quot;, data: price, afterRender: $root.initVariableWeightPopup }">
	<span style="display:none;" data-analytics-type="product-price" class="product-price-analytics" data-analytics-value="4.77" data-bind="attr: { 'data-analytics-value': $data }">
	</span>
</div></div> <!-- /ko --> <!-- ko if: availability().pricing.mapPrice --><!-- /ko --> </span> </div> </a> <!-- ko if: true --> <div class="flyout-menu-trigger product-nutritionInfo" id="tooltip-6000016935598" aria-describedby="tooltip-desc-6000016935598" role="tooltip"> <button class="product-nutritionInfo-icon nutrition-icon-visible" aria-label="Nutritional Icon"></button> <div class="flyout-menu-wrap" analytics-trigger="analytics-ghs" analytics-data="ingredients" aria-expanded="false"> <button class="closeButton" aria-label="Nutritional Close"></button> <i class="arrow up"></i> <div class="flyout-menu-content"> <h3>Ingredients</h3> <div class="ingredients_content"> <p class="dietaryInfo" id="6000016935598"></p> </div> </div> </div> </div> <!-- /ko --> <div class="cart-qty-wrap"> <div class="floater"> <!-- ko ifnot : $root.findCartItemByRollupId('6000016935598') --> <!-- ko template: {
						name: 'a2c-or-next-order-button',
						data: {
							selectedVariant: $data,
							amendableOrder: $data.amendableOrder(),
							CTA: $data.CTA(),
							viewGrocery: $data.availability().statusOnline.viewGroceryEligible && $root.siteExperience() == "gm",
							detailUrl: "/en/ip/becel-original-margarine/6000016935598",
							trackingUrl: "",
							clickBeacon: ""
						}
					}
					-->
	<!-- ko if: $data.amendableOrder.allCallsAreSynchronized -->
		<!-- ko if: $data.amendableOrder.show --><!-- /ko -->

		<!-- ko ifnot: $data.amendableOrder.show -->

			
			<!-- ko if: $data.CTA.hasAvailableStatus && !!$data.CTA.text && !$data.viewGrocery -->
			<button class="button add-to-cart-btn limited-stock" data-bind="visible: $data.CTA.hasAvailableStatus, show: (!!$data.CTA.text), css: $data.CTA.status, attr: { 'data-click-tracking-url': $data.trackingUrl, 'data-click-beacon': $data.clickBeacon, 'aria-label': $data.CTA.status + ', ' + $data.CTA.text}" data-click-tracking-url="" data-click-beacon="" aria-label="limited-stock, Add to cart">
				<span class="ribbon-arrow" data-bind="html: $data.CTA.ribbonText, show: $data.CTA.ribbon">Limited Stock</span>
				<span class="btn-txt" data-bind="text: $data.CTA.text">Add to cart</span>
				<span class="loading-icon"></span>
			</button>
			<!-- /ko -->

			
			<!-- ko if: !$data.CTA.hasAvailableStatus && !!$data.CTA.text --><!-- /ko -->

			
			<!-- ko if: !$data.CTA.hasAvailableStatus && !$data.CTA.text --><!--/ko-->

			
			<!-- ko if: $data.CTA.hasAvailableStatus && !!$data.CTA.text  && $data.viewGrocery --><!-- /ko -->

		<!-- /ko -->

		<input type="hidden" data-bind="attr: { 'data-analytics-status-online': $data.selectedVariant.availability().statusOnline.status }" data-analytics-status-online="Available">
		<input type="hidden" data-bind="attr: { 'data-analytics-status-store': $data.selectedVariant.availability().statusStore.status }" data-analytics-status-store="">

	<!-- /ko -->
<!-- /ko --> <!-- /ko --> <!-- ko if : $root.findCartItemByRollupId('6000016935598') --><!-- /ko --> </div> </div> <input type="hidden" class="numSkus" value="1"> <input type="hidden" class="primary_parent_id" value="6000194327387"> <input type="hidden" class="categoryID" value="6000194327387"> <input type="hidden" class="displayTooltip" value="true"> <input type="hidden" class="productRollupID" value="6000016935598"> <input type="hidden" class="productID" value="206399"> <input type="hidden" class="productSkus" value="{&quot;productid&quot;:&quot;206399&quot;,&quot;skus&quot;:[[{&quot;skuid&quot;:&quot;206399&quot;,&quot;minOrderQuantity&quot;:1,&quot;status&quot;:&quot;&quot;,&quot;eligibility_type&quot;:&quot;&quot;,&quot;date&quot;:&quot;&quot;,&quot;mfgr_sugd_rtl_amt&quot;:&quot;&quot;,&quot;price_comparison_qty&quot;:&quot;&quot;,&quot;price_comparison_unit&quot;:&quot;GR&quot;}]]}"> <input type="hidden" class="productQueryData" value="{&quot;6000016935598&quot;:[{&quot;sku&quot;:&quot;206399&quot;,&quot;upc&quot;:[]}]}"> <input type="hidden" class="offerID" data-bind="attr: { value: $data.offerId }" value="206399"> </div> </article>
<!-- /ko --> <!-- ko with: selectedVariant('6000056691102') -->
<div class="shelf-spacer"></div><article class="dynamic-cart-thumb stock-up-thumb product thumb-10152910 wgrid-2wAny marg-l-0" id="thumb-10152910" data-bind="css: { 'qty-toggle': $root.findCartItemByRollupId('6000056691102') }" data-rollup-id="6000056691102" data-automation="stock-up-thumb"> <div class="thumb-inner-wrap nutrition-enable nutrition-icon-enable"> <a class="product-link" data-bind="click: function() {$root.navigateToPip($data.availability().statusOnline.viewGroceryEligible &amp;&amp; $root.siteExperience() == 'gm', '/en/ip/igo-nan-1-strawberry-drinkable-yogurt/6000056691102')}, attr: {href: !($data.availability().statusOnline.viewGroceryEligible &amp;&amp; $root.siteExperience() == 'gm') ? '/en/ip/igo-nan-1-strawberry-drinkable-yogurt/6000056691102' : ''}" href="/en/ip/igo-nan-1-strawberry-drinkable-yogurt/6000056691102"> <div class="badge-container"> <!-- ko template: { name: 'product-badges', if: !!$data.badgesAnalytics(), data: { badges: badges, badgesAnalytics: badgesAnalytics, screenReaderHidden : true } } --><!-- /ko --> <!-- ko ifnot: $data.badgesAnalytics() --> <span class="badge"></span> <!-- /ko --> </div> <div aria-hidden="true" data-bind="template: { name: 'dynamic-thumb-qty-template', data: {item: $root.findCartItemByRollupId('6000056691102'), variants: 1 }}">

	<!--ko if: $data.item != null --><!-- /ko -->
</div> <div class="centered-img"> <div class="cmp-atc-thmb-wrp"> <span class="cmp-atc-thmb-state">✔</span><span class="cmp-atc-thmb-copy mobile-hide"></span> </div> <div class="centered-img-wrap"> <img alt="" class="image lazy-img" src="data:image/gif;base64,R0lGODlhAQABAIAAAAAAAP///yH5BAEAAAAALAAAAAABAAEAAAIBRAA7" data-original="//i5.walmartimages.ca/images/Thumbnails/471/050/6000202471050.jpg?odnBound=200" width="200" height="200"> </div> </div> <div class="product-details-container"> <div class="details"> <div class="title" aria-label="IÖGO nanö 1% Strawberry Drinkable Yogurt."> <h2 class="thumb-header">IÖGO nanö 1% Strawberry Drinkable Yogurt</h2> </div> <!-- ko template: { name: 'product-badges', if: !!$data.badgesAnalytics(), data: { badges: badges, badgesAnalytics: badgesAnalytics, screenReaderHidden : false } } --><!-- /ko --> <div class="only-for-screen-reader" data-bind="template: { name: 'dynamic-thumb-qty-template-only-for-screen-reader', data: {item: $root.findCartItemByRollupId('6000056691102'), variants: 1 }}">

	<!--ko if: $data.item != null --><!-- /ko -->
</div> <div class="description" aria-label="6 x 93 mL."> 6 x 93 mL </div> <div class="fade"></div> </div> <div class="ratings" data-automation="stock-up-ratings"> <div class="stars rating-5_0" aria-label="This product is rated 5 stars out of 5 stars," data-bind="template: { name: 'star-ratings' }">
	 <i class="star"></i>  <i class="star"></i>  <i class="star"></i>  <i class="star"></i>  <i class="star"></i> 
</div> <span class="review-count" aria-label="based on 4 reviews.">4 Reviews</span> <div class="fade"></div> </div> <div class="pricing-spacer" data-bind="component: { name: 'was-pricing', params: availability().pricing }"><div class="price-was" data-bind="html: wasPriceDisplay"></div><div class="price-cover"></div><div class="price-cover-percent"></div><div class="price-unit" data-bind="template: {name: &quot;price-per-unit-tooltip-template&quot;, data: pricePerUnit, afterRender: $root.initPricingPopup }">
	<a class="popup-opener popup-align-left price-unit-tooltip" data-title-headline="" data-title="This is a unit of measurement to help you compare the value of this item. Please know, this is not the price of the item itself." data-bind="text: $data, attr:{'aria-label' : '. Price is measured as ' + $data}" aria-label=". Price is measured as 31¢/100ml">31¢/100ml</a>
</div></div> <span class="all-price-sections"> <!-- ko ifnot: availability().pricing.mapPrice --> <div class="only-for-screen-reader" id="price">Price</div> <div class="price-current" data-bind="component: { name: 'current-pricing', params: { price: availability().pricing, simpleFormatting: true } }, css: { ranged: availability().pricing.ranged }"><div data-bind="possibleRangedCurrencyText: { data: price, simpleFormatting: simpleFormatting } "><span>$</span>3.77</div><div data-bind="template: {name: &quot;analytics-price-template&quot;, data: price, afterRender: $root.initVariableWeightPopup }">
	<span style="display:none;" data-analytics-type="product-price" class="product-price-analytics" data-analytics-value="3.77" data-bind="attr: { 'data-analytics-value': $data }">
	</span>
</div></div> <!-- /ko --> <!-- ko if: availability().pricing.mapPrice --><!-- /ko --> </span> </div> </a> <!-- ko if: true --> <div class="flyout-menu-trigger product-nutritionInfo" id="tooltip-6000056691102" aria-describedby="tooltip-desc-6000056691102" role="tooltip"> <button class="product-nutritionInfo-icon nutrition-icon-visible" aria-label="Nutritional Icon"></button> <div class="flyout-menu-wrap" analytics-trigger="analytics-ghs" analytics-data="ingredients" aria-expanded="false"> <button class="closeButton" aria-label="Nutritional Close"></button> <i class="arrow up"></i> <div class="flyout-menu-content"> <h3>Ingredients</h3> <div class="ingredients_content"> <p class="dietaryInfo" id="6000056691102"></p> </div> </div> </div> </div> <!-- /ko --> <div class="cart-qty-wrap"> <div class="floater"> <!-- ko ifnot : $root.findCartItemByRollupId('6000056691102') --> <!-- ko template: {
						name: 'a2c-or-next-order-button',
						data: {
							selectedVariant: $data,
							amendableOrder: $data.amendableOrder(),
							CTA: $data.CTA(),
							viewGrocery: $data.availability().statusOnline.viewGroceryEligible && $root.siteExperience() == "gm",
							detailUrl: "/en/ip/igo-nan-1-strawberry-drinkable-yogurt/6000056691102",
							trackingUrl: "",
							clickBeacon: ""
						}
					}
					-->
	<!-- ko if: $data.amendableOrder.allCallsAreSynchronized -->
		<!-- ko if: $data.amendableOrder.show --><!-- /ko -->

		<!-- ko ifnot: $data.amendableOrder.show -->

			
			<!-- ko if: $data.CTA.hasAvailableStatus && !!$data.CTA.text && !$data.viewGrocery -->
			<button class="button add-to-cart-btn limited-stock" data-bind="visible: $data.CTA.hasAvailableStatus, show: (!!$data.CTA.text), css: $data.CTA.status, attr: { 'data-click-tracking-url': $data.trackingUrl, 'data-click-beacon': $data.clickBeacon, 'aria-label': $data.CTA.status + ', ' + $data.CTA.text}" data-click-tracking-url="" data-click-beacon="" aria-label="limited-stock, Add to cart">
				<span class="ribbon-arrow" data-bind="html: $data.CTA.ribbonText, show: $data.CTA.ribbon">Limited Stock</span>
				<span class="btn-txt" data-bind="text: $data.CTA.text">Add to cart</span>
				<span class="loading-icon"></span>
			</button>
			<!-- /ko -->

			
			<!-- ko if: !$data.CTA.hasAvailableStatus && !!$data.CTA.text --><!-- /ko -->

			
			<!-- ko if: !$data.CTA.hasAvailableStatus && !$data.CTA.text --><!--/ko-->

			
			<!-- ko if: $data.CTA.hasAvailableStatus && !!$data.CTA.text  && $data.viewGrocery --><!-- /ko -->

		<!-- /ko -->

		<input type="hidden" data-bind="attr: { 'data-analytics-status-online': $data.selectedVariant.availability().statusOnline.status }" data-analytics-status-online="Available">
		<input type="hidden" data-bind="attr: { 'data-analytics-status-store': $data.selectedVariant.availability().statusStore.status }" data-analytics-status-store="">

	<!-- /ko -->
<!-- /ko --> <!-- /ko --> <!-- ko if : $root.findCartItemByRollupId('6000056691102') --><!-- /ko --> </div> </div> <input type="hidden" class="numSkus" value="1"> <input type="hidden" class="primary_parent_id" value="6000195507615"> <input type="hidden" class="categoryID" value="6000195507615"> <input type="hidden" class="displayTooltip" value="true"> <input type="hidden" class="productRollupID" value="6000056691102"> <input type="hidden" class="productID" value="10152910"> <input type="hidden" class="productSkus" value="{&quot;productid&quot;:&quot;10152910&quot;,&quot;skus&quot;:[[{&quot;skuid&quot;:&quot;10152910&quot;,&quot;minOrderQuantity&quot;:1,&quot;status&quot;:&quot;&quot;,&quot;eligibility_type&quot;:&quot;&quot;,&quot;date&quot;:&quot;&quot;,&quot;mfgr_sugd_rtl_amt&quot;:&quot;&quot;,&quot;price_comparison_qty&quot;:&quot;&quot;,&quot;price_comparison_unit&quot;:&quot;ML&quot;}]]}"> <input type="hidden" class="productQueryData" value="{&quot;6000056691102&quot;:[{&quot;sku&quot;:&quot;10152910&quot;,&quot;upc&quot;:[]}]}"> <input type="hidden" class="offerID" data-bind="attr: { value: $data.offerId }" value="10152910"> </div> </article>
<!-- /ko --> <!-- ko with: selectedVariant('6000199838553') -->
<article class="dynamic-cart-thumb stock-up-thumb product thumb-6000199838554 wgrid-2wAny" id="thumb-6000199838554" data-bind="css: { 'qty-toggle': $root.findCartItemByRollupId('6000199838553') }" data-rollup-id="6000199838553" data-automation="stock-up-thumb"> <div class="thumb-inner-wrap nutrition-enable nutrition-icon-enable"> <a class="product-link" data-bind="click: function() {$root.navigateToPip($data.availability().statusOnline.viewGroceryEligible &amp;&amp; $root.siteExperience() == 'gm', '/en/ip/kraft-singles-original-slices/6000199838553')}, attr: {href: !($data.availability().statusOnline.viewGroceryEligible &amp;&amp; $root.siteExperience() == 'gm') ? '/en/ip/kraft-singles-original-slices/6000199838553' : ''}" href="/en/ip/kraft-singles-original-slices/6000199838553"> <div class="badge-container"> <!-- ko template: { name: 'product-badges', if: !!$data.badgesAnalytics(), data: { badges: badges, badgesAnalytics: badgesAnalytics, screenReaderHidden : true } } --><!-- /ko --> <!-- ko ifnot: $data.badgesAnalytics() --> <span class="badge"></span> <!-- /ko --> </div> <div aria-hidden="true" data-bind="template: { name: 'dynamic-thumb-qty-template', data: {item: $root.findCartItemByRollupId('6000199838553'), variants: 1 }}">

	<!--ko if: $data.item != null --><!-- /ko -->
</div> <div class="centered-img"> <div class="cmp-atc-thmb-wrp"> <span class="cmp-atc-thmb-state">✔</span><span class="cmp-atc-thmb-copy mobile-hide"></span> </div> <div class="centered-img-wrap"> <img alt="" class="image lazy-img" src="data:image/gif;base64,R0lGODlhAQABAIAAAAAAAP///yH5BAEAAAAALAAAAAABAAEAAAIBRAA7" data-original="//i5.walmartimages.ca/images/Thumbnails/208/667/6000200208667.jpg?odnBound=200" width="200" height="200"> </div> </div> <div class="product-details-container"> <div class="details"> <div class="title" aria-label="Kraft Singles Original Slices."> <h2 class="thumb-header">Kraft Singles Original Slices</h2> </div> <!-- ko template: { name: 'product-badges', if: !!$data.badgesAnalytics(), data: { badges: badges, badgesAnalytics: badgesAnalytics, screenReaderHidden : false } } --><!-- /ko --> <div class="only-for-screen-reader" data-bind="template: { name: 'dynamic-thumb-qty-template-only-for-screen-reader', data: {item: $root.findCartItemByRollupId('6000199838553'), variants: 1 }}">

	<!--ko if: $data.item != null --><!-- /ko -->
</div> <div class="description" aria-label="22 Slices."> 22 Slices </div> <div class="fade"></div> </div> <div class="ratings" data-automation="stock-up-ratings"> <div class="stars rating-5_0" aria-label="This product is rated 5 stars out of 5 stars," data-bind="template: { name: 'star-ratings' }">
	 <i class="star"></i>  <i class="star"></i>  <i class="star"></i>  <i class="star"></i>  <i class="star"></i> 
</div> <span class="review-count" aria-label="based on 1 review.">1 Review</span> <div class="fade"></div> </div> <div class="pricing-spacer" data-bind="component: { name: 'was-pricing', params: availability().pricing }"><div class="price-was" data-bind="html: wasPriceDisplay"></div><div class="price-cover"></div><div class="price-cover-percent"></div><div class="price-unit" data-bind="template: {name: &quot;price-per-unit-tooltip-template&quot;, data: pricePerUnit, afterRender: $root.initPricingPopup }">
	<a class="popup-opener popup-align-left price-unit-tooltip" data-title-headline="" data-title="This is a unit of measurement to help you compare the value of this item. Please know, this is not the price of the item itself." data-bind="text: $data, attr:{'aria-label' : '. Price is measured as ' + $data}" aria-label=". Price is measured as $1.21/100g">$1.21/100g</a>
</div></div> <span class="all-price-sections"> <!-- ko ifnot: availability().pricing.mapPrice --> <div class="only-for-screen-reader" id="price">Price</div> <div class="price-current" data-bind="component: { name: 'current-pricing', params: { price: availability().pricing, simpleFormatting: true } }, css: { ranged: availability().pricing.ranged }"><div data-bind="possibleRangedCurrencyText: { data: price, simpleFormatting: simpleFormatting } "><span>$</span>4.97</div><div data-bind="template: {name: &quot;analytics-price-template&quot;, data: price, afterRender: $root.initVariableWeightPopup }">
	<span style="display:none;" data-analytics-type="product-price" class="product-price-analytics" data-analytics-value="4.97" data-bind="attr: { 'data-analytics-value': $data }">
	</span>
</div></div> <!-- /ko --> <!-- ko if: availability().pricing.mapPrice --><!-- /ko --> </span> </div> </a> <!-- ko if: true --> <div class="flyout-menu-trigger product-nutritionInfo" id="tooltip-6000199838553" aria-describedby="tooltip-desc-6000199838553" role="tooltip"> <button class="product-nutritionInfo-icon nutrition-icon-visible" aria-label="Nutritional Icon"></button> <div class="flyout-menu-wrap" analytics-trigger="analytics-ghs" analytics-data="ingredients" aria-expanded="false"> <button class="closeButton" aria-label="Nutritional Close"></button> <i class="arrow up"></i> <div class="flyout-menu-content"> <h3>Ingredients</h3> <div class="ingredients_content"> <p class="dietaryInfo" id="6000199838553"></p> </div> </div> </div> </div> <!-- /ko --> <div class="cart-qty-wrap"> <div class="floater"> <!-- ko ifnot : $root.findCartItemByRollupId('6000199838553') --> <!-- ko template: {
						name: 'a2c-or-next-order-button',
						data: {
							selectedVariant: $data,
							amendableOrder: $data.amendableOrder(),
							CTA: $data.CTA(),
							viewGrocery: $data.availability().statusOnline.viewGroceryEligible && $root.siteExperience() == "gm",
							detailUrl: "/en/ip/kraft-singles-original-slices/6000199838553",
							trackingUrl: "",
							clickBeacon: ""
						}
					}
					-->
	<!-- ko if: $data.amendableOrder.allCallsAreSynchronized -->
		<!-- ko if: $data.amendableOrder.show --><!-- /ko -->

		<!-- ko ifnot: $data.amendableOrder.show -->

			
			<!-- ko if: $data.CTA.hasAvailableStatus && !!$data.CTA.text && !$data.viewGrocery -->
			<button class="button add-to-cart-btn limited-stock" data-bind="visible: $data.CTA.hasAvailableStatus, show: (!!$data.CTA.text), css: $data.CTA.status, attr: { 'data-click-tracking-url': $data.trackingUrl, 'data-click-beacon': $data.clickBeacon, 'aria-label': $data.CTA.status + ', ' + $data.CTA.text}" data-click-tracking-url="" data-click-beacon="" aria-label="limited-stock, Add to cart">
				<span class="ribbon-arrow" data-bind="html: $data.CTA.ribbonText, show: $data.CTA.ribbon">Limited Stock</span>
				<span class="btn-txt" data-bind="text: $data.CTA.text">Add to cart</span>
				<span class="loading-icon"></span>
			</button>
			<!-- /ko -->

			
			<!-- ko if: !$data.CTA.hasAvailableStatus && !!$data.CTA.text --><!-- /ko -->

			
			<!-- ko if: !$data.CTA.hasAvailableStatus && !$data.CTA.text --><!--/ko-->

			
			<!-- ko if: $data.CTA.hasAvailableStatus && !!$data.CTA.text  && $data.viewGrocery --><!-- /ko -->

		<!-- /ko -->

		<input type="hidden" data-bind="attr: { 'data-analytics-status-online': $data.selectedVariant.availability().statusOnline.status }" data-analytics-status-online="Available">
		<input type="hidden" data-bind="attr: { 'data-analytics-status-store': $data.selectedVariant.availability().statusStore.status }" data-analytics-status-store="">

	<!-- /ko -->
<!-- /ko --> <!-- /ko --> <!-- ko if : $root.findCartItemByRollupId('6000199838553') --><!-- /ko --> </div> </div> <input type="hidden" class="numSkus" value="1"> <input type="hidden" class="primary_parent_id" value="6000194349394"> <input type="hidden" class="categoryID" value="6000194349394"> <input type="hidden" class="displayTooltip" value="true"> <input type="hidden" class="productRollupID" value="6000199838553"> <input type="hidden" class="productID" value="6000199838554"> <input type="hidden" class="productSkus" value="{&quot;productid&quot;:&quot;6000199838554&quot;,&quot;skus&quot;:[[{&quot;skuid&quot;:&quot;6000199838554&quot;,&quot;minOrderQuantity&quot;:1,&quot;status&quot;:&quot;&quot;,&quot;eligibility_type&quot;:&quot;&quot;,&quot;date&quot;:&quot;&quot;,&quot;mfgr_sugd_rtl_amt&quot;:&quot;&quot;,&quot;price_comparison_qty&quot;:&quot;&quot;,&quot;price_comparison_unit&quot;:&quot;GR&quot;}]]}"> <input type="hidden" class="productQueryData" value="{&quot;6000199838553&quot;:[{&quot;sku&quot;:&quot;6000199838554&quot;,&quot;upc&quot;:[]}]}"> <input type="hidden" class="offerID" data-bind="attr: { value: $data.offerId }" value="6000199838554"> </div> </article>
<!-- /ko --> <!-- ko with: selectedVariant('6000077654180') -->
<article class="dynamic-cart-thumb stock-up-thumb product thumb-10186812 wgrid-2wAny" id="thumb-10186812" data-bind="css: { 'qty-toggle': $root.findCartItemByRollupId('6000077654180') }" data-rollup-id="6000077654180" data-automation="stock-up-thumb"> <div class="thumb-inner-wrap nutrition-enable nutrition-icon-enable"> <a class="product-link" data-bind="click: function() {$root.navigateToPip($data.availability().statusOnline.viewGroceryEligible &amp;&amp; $root.siteExperience() == 'gm', '/en/ip/international-delight-french-vanilla-coffee-whitener/6000077654180')}, attr: {href: !($data.availability().statusOnline.viewGroceryEligible &amp;&amp; $root.siteExperience() == 'gm') ? '/en/ip/international-delight-french-vanilla-coffee-whitener/6000077654180' : ''}" href="/en/ip/international-delight-french-vanilla-coffee-whitener/6000077654180"> <div class="badge-container"> <!-- ko template: { name: 'product-badges', if: !!$data.badgesAnalytics(), data: { badges: badges, badgesAnalytics: badgesAnalytics, screenReaderHidden : true } } --><!-- /ko --> <!-- ko ifnot: $data.badgesAnalytics() --> <span class="badge"></span> <!-- /ko --> </div> <div aria-hidden="true" data-bind="template: { name: 'dynamic-thumb-qty-template', data: {item: $root.findCartItemByRollupId('6000077654180'), variants: 1 }}">

	<!--ko if: $data.item != null --><!-- /ko -->
</div> <div class="centered-img"> <div class="cmp-atc-thmb-wrp"> <span class="cmp-atc-thmb-state">✔</span><span class="cmp-atc-thmb-copy mobile-hide"></span> </div> <div class="centered-img-wrap"> <img alt="" class="image lazy-img" src="data:image/gif;base64,R0lGODlhAQABAIAAAAAAAP///yH5BAEAAAAALAAAAAABAAEAAAIBRAA7" data-original="//i5.walmartimages.ca/images/Thumbnails/102/564/999999-4127102564.jpg?odnBound=200" width="200" height="200"> </div> </div> <div class="product-details-container"> <div class="details"> <div class="title" aria-label="International Delight French Vanilla Coffee Whitener."> <h2 class="thumb-header">International Delight French Vanilla Coffee Whitener</h2> </div> <!-- ko template: { name: 'product-badges', if: !!$data.badgesAnalytics(), data: { badges: badges, badgesAnalytics: badgesAnalytics, screenReaderHidden : false } } --><!-- /ko --> <div class="only-for-screen-reader" data-bind="template: { name: 'dynamic-thumb-qty-template-only-for-screen-reader', data: {item: $root.findCartItemByRollupId('6000077654180'), variants: 1 }}">

	<!--ko if: $data.item != null --><!-- /ko -->
</div> <div class="description" aria-label="946 mL."> 946 mL </div> <div class="fade"></div> </div> <div class="ratings" data-automation="stock-up-ratings"> <div class="stars rating-4_5" aria-label="This product is rated 4.5 stars out of 5 stars," data-bind="template: { name: 'star-ratings' }">
	 <i class="star"></i>  <i class="star"></i>  <i class="star"></i>  <i class="star"></i>  <i class="star"></i> 
</div> <span class="review-count" aria-label="based on 215 reviews.">215 Reviews</span> <div class="fade"></div> </div> <div class="pricing-spacer" data-bind="component: { name: 'was-pricing', params: availability().pricing }"><div class="price-was" data-bind="html: wasPriceDisplay"></div><div class="price-cover"></div><div class="price-cover-percent"></div><div class="price-unit" data-bind="template: {name: &quot;price-per-unit-tooltip-template&quot;, data: pricePerUnit, afterRender: $root.initPricingPopup }">
	<a class="popup-opener popup-align-left price-unit-tooltip" data-title-headline="" data-title="This is a unit of measurement to help you compare the value of this item. Please know, this is not the price of the item itself." data-bind="text: $data, attr:{'aria-label' : '. Price is measured as ' + $data}" aria-label=". Price is measured as 50¢/100ml">50¢/100ml</a>
</div></div> <span class="all-price-sections"> <!-- ko ifnot: availability().pricing.mapPrice --> <div class="only-for-screen-reader" id="price">Price</div> <div class="price-current" data-bind="component: { name: 'current-pricing', params: { price: availability().pricing, simpleFormatting: true } }, css: { ranged: availability().pricing.ranged }"><div data-bind="possibleRangedCurrencyText: { data: price, simpleFormatting: simpleFormatting } "><span>$</span>4.77</div><div data-bind="template: {name: &quot;analytics-price-template&quot;, data: price, afterRender: $root.initVariableWeightPopup }">
	<span style="display:none;" data-analytics-type="product-price" class="product-price-analytics" data-analytics-value="4.77" data-bind="attr: { 'data-analytics-value': $data }">
	</span>
</div></div> <!-- /ko --> <!-- ko if: availability().pricing.mapPrice --><!-- /ko --> </span> </div> </a> <!-- ko if: true --> <div class="flyout-menu-trigger product-nutritionInfo" id="tooltip-6000077654180" aria-describedby="tooltip-desc-6000077654180" role="tooltip"> <button class="product-nutritionInfo-icon nutrition-icon-visible" aria-label="Nutritional Icon"></button> <div class="flyout-menu-wrap" analytics-trigger="analytics-ghs" analytics-data="ingredients" aria-expanded="false"> <button class="closeButton" aria-label="Nutritional Close"></button> <i class="arrow up"></i> <div class="flyout-menu-content"> <h3>Ingredients</h3> <div class="ingredients_content"> <p class="dietaryInfo" id="6000077654180"></p> </div> </div> </div> </div> <!-- /ko --> <div class="cart-qty-wrap"> <div class="floater"> <!-- ko ifnot : $root.findCartItemByRollupId('6000077654180') --> <!-- ko template: {
						name: 'a2c-or-next-order-button',
						data: {
							selectedVariant: $data,
							amendableOrder: $data.amendableOrder(),
							CTA: $data.CTA(),
							viewGrocery: $data.availability().statusOnline.viewGroceryEligible && $root.siteExperience() == "gm",
							detailUrl: "/en/ip/international-delight-french-vanilla-coffee-whitener/6000077654180",
							trackingUrl: "",
							clickBeacon: ""
						}
					}
					-->
	<!-- ko if: $data.amendableOrder.allCallsAreSynchronized -->
		<!-- ko if: $data.amendableOrder.show --><!-- /ko -->

		<!-- ko ifnot: $data.amendableOrder.show -->

			
			<!-- ko if: $data.CTA.hasAvailableStatus && !!$data.CTA.text && !$data.viewGrocery -->
			<button class="button add-to-cart-btn limited-stock" data-bind="visible: $data.CTA.hasAvailableStatus, show: (!!$data.CTA.text), css: $data.CTA.status, attr: { 'data-click-tracking-url': $data.trackingUrl, 'data-click-beacon': $data.clickBeacon, 'aria-label': $data.CTA.status + ', ' + $data.CTA.text}" data-click-tracking-url="" data-click-beacon="" aria-label="limited-stock, Add to cart">
				<span class="ribbon-arrow" data-bind="html: $data.CTA.ribbonText, show: $data.CTA.ribbon">Limited Stock</span>
				<span class="btn-txt" data-bind="text: $data.CTA.text">Add to cart</span>
				<span class="loading-icon"></span>
			</button>
			<!-- /ko -->

			
			<!-- ko if: !$data.CTA.hasAvailableStatus && !!$data.CTA.text --><!-- /ko -->

			
			<!-- ko if: !$data.CTA.hasAvailableStatus && !$data.CTA.text --><!--/ko-->

			
			<!-- ko if: $data.CTA.hasAvailableStatus && !!$data.CTA.text  && $data.viewGrocery --><!-- /ko -->

		<!-- /ko -->

		<input type="hidden" data-bind="attr: { 'data-analytics-status-online': $data.selectedVariant.availability().statusOnline.status }" data-analytics-status-online="Available">
		<input type="hidden" data-bind="attr: { 'data-analytics-status-store': $data.selectedVariant.availability().statusStore.status }" data-analytics-status-store="">

	<!-- /ko -->
<!-- /ko --> <!-- /ko --> <!-- ko if : $root.findCartItemByRollupId('6000077654180') --><!-- /ko --> </div> </div> <input type="hidden" class="numSkus" value="1"> <input type="hidden" class="primary_parent_id" value="6000194349396"> <input type="hidden" class="categoryID" value="6000194349396"> <input type="hidden" class="displayTooltip" value="true"> <input type="hidden" class="productRollupID" value="6000077654180"> <input type="hidden" class="productID" value="10186812"> <input type="hidden" class="productSkus" value="{&quot;productid&quot;:&quot;10186812&quot;,&quot;skus&quot;:[[{&quot;skuid&quot;:&quot;10186812&quot;,&quot;minOrderQuantity&quot;:1,&quot;status&quot;:&quot;&quot;,&quot;eligibility_type&quot;:&quot;&quot;,&quot;date&quot;:&quot;&quot;,&quot;mfgr_sugd_rtl_amt&quot;:&quot;&quot;,&quot;price_comparison_qty&quot;:&quot;&quot;,&quot;price_comparison_unit&quot;:&quot;ML&quot;}]]}"> <input type="hidden" class="productQueryData" value="{&quot;6000077654180&quot;:[{&quot;sku&quot;:&quot;10186812&quot;,&quot;upc&quot;:[]}]}"> <input type="hidden" class="offerID" data-bind="attr: { value: $data.offerId }" value="10186812"> </div> </article>
<!-- /ko --> <!-- ko with: selectedVariant('6000196397989') -->
<article class="dynamic-cart-thumb stock-up-thumb product thumb-6000196397990 wgrid-2wAny marg-r-0" id="thumb-6000196397990" data-bind="css: { 'qty-toggle': $root.findCartItemByRollupId('6000196397989') }" data-rollup-id="6000196397989" data-automation="stock-up-thumb"> <div class="thumb-inner-wrap nutrition-enable nutrition-icon-enable"> <a class="product-link" data-bind="click: function() {$root.navigateToPip($data.availability().statusOnline.viewGroceryEligible &amp;&amp; $root.siteExperience() == 'gm', '/en/ip/great-value-14-mf-sour-cream/6000196397989')}, attr: {href: !($data.availability().statusOnline.viewGroceryEligible &amp;&amp; $root.siteExperience() == 'gm') ? '/en/ip/great-value-14-mf-sour-cream/6000196397989' : ''}" href="/en/ip/great-value-14-mf-sour-cream/6000196397989"> <div class="badge-container"> <!-- ko template: { name: 'product-badges', if: !!$data.badgesAnalytics(), data: { badges: badges, badgesAnalytics: badgesAnalytics, screenReaderHidden : true } } -->
	<div class="badges" data-analytics-type="badges" data-bind="{ attr: { 'data-analytics-value': $data.badgesAnalytics(), 'aria-hidden' : $data.screenReaderHidden }, css : {'only-for-screen-reader' : !$data.screenReaderHidden} }" data-analytics-value="Exclusive" aria-hidden="true">
		<!-- ko foreach: { data: $data.badges, as: 'badge' } -->
			<!--ko ifnot: badge.isMultiSave -->
			<span class="badge" data-bind="text: badge.text, style: { color: badge.foregroundColor, background: badge.backgroundColor, border: badge.outlineColor }, attr: { id: badge.id, 'aria-label': 'On ' + badge.text + '.' }" id="Walmart Exclusive" aria-label="On Exclusive." style="color: rgb(0, 114, 206); background: rgb(255, 255, 255); border: 1px solid rgb(0, 114, 206);">Exclusive</span>
			<!--/ko-->
		
			<!--ko if: badge.isMultiSave--><!--/ko-->
		
		<!--/ko-->
	</div>
<!-- /ko --> <!-- ko ifnot: $data.badgesAnalytics() --><!-- /ko --> </div> <div aria-hidden="true" data-bind="template: { name: 'dynamic-thumb-qty-template', data: {item: $root.findCartItemByRollupId('6000196397989'), variants: 1 }}">

	<!--ko if: $data.item != null --><!-- /ko -->
</div> <div class="centered-img"> <div class="cmp-atc-thmb-wrp"> <span class="cmp-atc-thmb-state">✔</span><span class="cmp-atc-thmb-copy mobile-hide"></span> </div> <div class="centered-img-wrap"> <img alt="" class="image lazy-img" src="data:image/gif;base64,R0lGODlhAQABAIAAAAAAAP///yH5BAEAAAAALAAAAAABAAEAAAIBRAA7" data-original="//i5.walmartimages.ca/images/Thumbnails/891/725/6000197891725.jpg?odnBound=200" width="200" height="200"> </div> </div> <div class="product-details-container"> <div class="details"> <div class="title" aria-label="Great Value 14% M.F Sour Cream."> <h2 class="thumb-header">Great Value 14% M.F Sour Cream</h2> </div> <!-- ko template: { name: 'product-badges', if: !!$data.badgesAnalytics(), data: { badges: badges, badgesAnalytics: badgesAnalytics, screenReaderHidden : false } } -->
	<div class="badges only-for-screen-reader" data-analytics-type="badges" data-bind="{ attr: { 'data-analytics-value': $data.badgesAnalytics(), 'aria-hidden' : $data.screenReaderHidden }, css : {'only-for-screen-reader' : !$data.screenReaderHidden} }" data-analytics-value="Exclusive">
		<!-- ko foreach: { data: $data.badges, as: 'badge' } -->
			<!--ko ifnot: badge.isMultiSave -->
			<span class="badge" data-bind="text: badge.text, style: { color: badge.foregroundColor, background: badge.backgroundColor, border: badge.outlineColor }, attr: { id: badge.id, 'aria-label': 'On ' + badge.text + '.' }" id="Walmart Exclusive" aria-label="On Exclusive." style="color: rgb(0, 114, 206); background: rgb(255, 255, 255); border: 1px solid rgb(0, 114, 206);">Exclusive</span>
			<!--/ko-->
		
			<!--ko if: badge.isMultiSave--><!--/ko-->
		
		<!--/ko-->
	</div>
<!-- /ko --> <div class="only-for-screen-reader" data-bind="template: { name: 'dynamic-thumb-qty-template-only-for-screen-reader', data: {item: $root.findCartItemByRollupId('6000196397989'), variants: 1 }}">

	<!--ko if: $data.item != null --><!-- /ko -->
</div> <div class="description" aria-label="500 mL."> 500 mL </div> <div class="fade"></div> </div> <div class="ratings" data-automation="stock-up-ratings"> <div class="stars rating-3_5" aria-label="This product is rated 3.5 stars out of 5 stars," data-bind="template: { name: 'star-ratings' }">
	 <i class="star"></i>  <i class="star"></i>  <i class="star"></i>  <i class="star"></i>  <i class="star"></i> 
</div> <span class="review-count" aria-label="based on 4 reviews.">4 Reviews</span> <div class="fade"></div> </div> <div class="pricing-spacer" data-bind="component: { name: 'was-pricing', params: availability().pricing }"><div class="price-was" data-bind="html: wasPriceDisplay"></div><div class="price-cover"></div><div class="price-cover-percent"></div><div class="price-unit" data-bind="template: {name: &quot;price-per-unit-tooltip-template&quot;, data: pricePerUnit, afterRender: $root.initPricingPopup }">
	<a class="popup-opener popup-align-left price-unit-tooltip" data-title-headline="" data-title="This is a unit of measurement to help you compare the value of this item. Please know, this is not the price of the item itself." data-bind="text: $data, attr:{'aria-label' : '. Price is measured as ' + $data}" aria-label=". Price is measured as 45¢/100ml">45¢/100ml</a>
</div></div> <span class="all-price-sections"> <!-- ko ifnot: availability().pricing.mapPrice --> <div class="only-for-screen-reader" id="price">Price</div> <div class="price-current" data-bind="component: { name: 'current-pricing', params: { price: availability().pricing, simpleFormatting: true } }, css: { ranged: availability().pricing.ranged }"><div data-bind="possibleRangedCurrencyText: { data: price, simpleFormatting: simpleFormatting } "><span>$</span>2.27</div><div data-bind="template: {name: &quot;analytics-price-template&quot;, data: price, afterRender: $root.initVariableWeightPopup }">
	<span style="display:none;" data-analytics-type="product-price" class="product-price-analytics" data-analytics-value="2.27" data-bind="attr: { 'data-analytics-value': $data }">
	</span>
</div></div> <!-- /ko --> <!-- ko if: availability().pricing.mapPrice --><!-- /ko --> </span> </div> </a> <!-- ko if: true --> <div class="flyout-menu-trigger product-nutritionInfo" id="tooltip-6000196397989" aria-describedby="tooltip-desc-6000196397989" role="tooltip"> <button class="product-nutritionInfo-icon nutrition-icon-visible" aria-label="Nutritional Icon"></button> <div class="flyout-menu-wrap" analytics-trigger="analytics-ghs" analytics-data="ingredients" aria-expanded="false"> <button class="closeButton" aria-label="Nutritional Close"></button> <i class="arrow up"></i> <div class="flyout-menu-content"> <h3>Ingredients</h3> <div class="ingredients_content"> <p class="dietaryInfo" id="6000196397989"></p> </div> </div> </div> </div> <!-- /ko --> <div class="cart-qty-wrap"> <div class="floater"> <!-- ko ifnot : $root.findCartItemByRollupId('6000196397989') --> <!-- ko template: {
						name: 'a2c-or-next-order-button',
						data: {
							selectedVariant: $data,
							amendableOrder: $data.amendableOrder(),
							CTA: $data.CTA(),
							viewGrocery: $data.availability().statusOnline.viewGroceryEligible && $root.siteExperience() == "gm",
							detailUrl: "/en/ip/great-value-14-mf-sour-cream/6000196397989",
							trackingUrl: "",
							clickBeacon: ""
						}
					}
					-->
	<!-- ko if: $data.amendableOrder.allCallsAreSynchronized -->
		<!-- ko if: $data.amendableOrder.show --><!-- /ko -->

		<!-- ko ifnot: $data.amendableOrder.show -->

			
			<!-- ko if: $data.CTA.hasAvailableStatus && !!$data.CTA.text && !$data.viewGrocery -->
			<button class="button add-to-cart-btn limited-stock" data-bind="visible: $data.CTA.hasAvailableStatus, show: (!!$data.CTA.text), css: $data.CTA.status, attr: { 'data-click-tracking-url': $data.trackingUrl, 'data-click-beacon': $data.clickBeacon, 'aria-label': $data.CTA.status + ', ' + $data.CTA.text}" data-click-tracking-url="" data-click-beacon="" aria-label="limited-stock, Add to cart">
				<span class="ribbon-arrow" data-bind="html: $data.CTA.ribbonText, show: $data.CTA.ribbon">Limited Stock</span>
				<span class="btn-txt" data-bind="text: $data.CTA.text">Add to cart</span>
				<span class="loading-icon"></span>
			</button>
			<!-- /ko -->

			
			<!-- ko if: !$data.CTA.hasAvailableStatus && !!$data.CTA.text --><!-- /ko -->

			
			<!-- ko if: !$data.CTA.hasAvailableStatus && !$data.CTA.text --><!--/ko-->

			
			<!-- ko if: $data.CTA.hasAvailableStatus && !!$data.CTA.text  && $data.viewGrocery --><!-- /ko -->

		<!-- /ko -->

		<input type="hidden" data-bind="attr: { 'data-analytics-status-online': $data.selectedVariant.availability().statusOnline.status }" data-analytics-status-online="Available">
		<input type="hidden" data-bind="attr: { 'data-analytics-status-store': $data.selectedVariant.availability().statusStore.status }" data-analytics-status-store="">

	<!-- /ko -->
<!-- /ko --> <!-- /ko --> <!-- ko if : $root.findCartItemByRollupId('6000196397989') --><!-- /ko --> </div> </div> <input type="hidden" class="numSkus" value="1"> <input type="hidden" class="primary_parent_id" value="6000194327378"> <input type="hidden" class="categoryID" value="6000194327378"> <input type="hidden" class="displayTooltip" value="true"> <input type="hidden" class="productRollupID" value="6000196397989"> <input type="hidden" class="productID" value="6000196397990"> <input type="hidden" class="productSkus" value="{&quot;productid&quot;:&quot;6000196397990&quot;,&quot;skus&quot;:[[{&quot;skuid&quot;:&quot;6000196397990&quot;,&quot;minOrderQuantity&quot;:1,&quot;status&quot;:&quot;&quot;,&quot;eligibility_type&quot;:&quot;&quot;,&quot;date&quot;:&quot;&quot;,&quot;mfgr_sugd_rtl_amt&quot;:&quot;&quot;,&quot;price_comparison_qty&quot;:&quot;&quot;,&quot;price_comparison_unit&quot;:&quot;ML&quot;}]]}"> <input type="hidden" class="productQueryData" value="{&quot;6000196397989&quot;:[{&quot;sku&quot;:&quot;6000196397990&quot;,&quot;upc&quot;:[]}]}"> <input type="hidden" class="offerID" data-bind="attr: { value: $data.offerId }" value="6000196397990"> </div> </article>
<!-- /ko --> <!-- ko with: selectedVariant('6000091056750') -->
<div class="shelf-spacer"></div><article class="dynamic-cart-thumb stock-up-thumb product thumb-10207024 wgrid-2wAny marg-l-0" id="thumb-10207024" data-bind="css: { 'qty-toggle': $root.findCartItemByRollupId('6000091056750') }" data-rollup-id="6000091056750" data-automation="stock-up-thumb"> <div class="thumb-inner-wrap nutrition-enable nutrition-icon-enable"> <a class="product-link" data-bind="click: function() {$root.navigateToPip($data.availability().statusOnline.viewGroceryEligible &amp;&amp; $root.siteExperience() == 'gm', '/en/ip/silk-almond-beverage-unsweetened-original-dairy-free-189l/6000091056750')}, attr: {href: !($data.availability().statusOnline.viewGroceryEligible &amp;&amp; $root.siteExperience() == 'gm') ? '/en/ip/silk-almond-beverage-unsweetened-original-dairy-free-189l/6000091056750' : ''}" href="/en/ip/silk-almond-beverage-unsweetened-original-dairy-free-189l/6000091056750"> <div class="badge-container"> <!-- ko template: { name: 'product-badges', if: !!$data.badgesAnalytics(), data: { badges: badges, badgesAnalytics: badgesAnalytics, screenReaderHidden : true } } -->
	<div class="badges" data-analytics-type="badges" data-bind="{ attr: { 'data-analytics-value': $data.badgesAnalytics(), 'aria-hidden' : $data.screenReaderHidden }, css : {'only-for-screen-reader' : !$data.screenReaderHidden} }" data-analytics-value="empty_en" aria-hidden="true">
		<!-- ko foreach: { data: $data.badges, as: 'badge' } -->
			<!--ko ifnot: badge.isMultiSave --><!--/ko-->
		
			<!--ko if: badge.isMultiSave-->
			<div class="multisave-badges" data-bind="css: {'flyer-badges' : walmart.context.pageType === 'flyer'}">
				<div class="multisave-spark-container">
					<!--ko if: walmart.context.pageType === "flyer" --><!--/ko-->
					<!--ko ifnot: walmart.context.pageType === "flyer" -->
					<img src="/assets//img/multisave-badge/Multi-horizontal-en.svg">
					<!--/ko-->
				</div>
				<div class="multisave-price-count-container">
					<span class="badge-count" data-bind="text: badge.multiSave.quantity +' for'">2 for</span>
					<span class="badge-price" data-bind="html: badge.multiSave.price"><span>$</span>7</span>
				</div>
			</div>
			<!--/ko-->
		
		<!--/ko-->
	</div>
<!-- /ko --> <!-- ko ifnot: $data.badgesAnalytics() --><!-- /ko --> </div> <div aria-hidden="true" data-bind="template: { name: 'dynamic-thumb-qty-template', data: {item: $root.findCartItemByRollupId('6000091056750'), variants: 1 }}">

	<!--ko if: $data.item != null --><!-- /ko -->
</div> <div class="centered-img"> <div class="cmp-atc-thmb-wrp"> <span class="cmp-atc-thmb-state">✔</span><span class="cmp-atc-thmb-copy mobile-hide"></span> </div> <div class="centered-img-wrap"> <img alt="" class="image lazy-img" src="data:image/gif;base64,R0lGODlhAQABAIAAAAAAAP///yH5BAEAAAAALAAAAAABAAEAAAIBRAA7" data-original="//i5.walmartimages.ca/images/Thumbnails/724/526/6000198724526.jpg?odnBound=200" width="200" height="200"> </div> </div> <div class="product-details-container"> <div class="details"> <div class="title" aria-label="SILK Almond Beverage, Unsweetened Original, Dairy-Free, 1.89L."> <h2 class="thumb-header">SILK Almond Beverage, Unsweetened Original, Dairy-Free, 1.89L</h2> </div> <!-- ko template: { name: 'product-badges', if: !!$data.badgesAnalytics(), data: { badges: badges, badgesAnalytics: badgesAnalytics, screenReaderHidden : false } } -->
	<div class="badges only-for-screen-reader" data-analytics-type="badges" data-bind="{ attr: { 'data-analytics-value': $data.badgesAnalytics(), 'aria-hidden' : $data.screenReaderHidden }, css : {'only-for-screen-reader' : !$data.screenReaderHidden} }" data-analytics-value="empty_en">
		<!-- ko foreach: { data: $data.badges, as: 'badge' } -->
			<!--ko ifnot: badge.isMultiSave --><!--/ko-->
		
			<!--ko if: badge.isMultiSave-->
			<div class="multisave-badges" data-bind="css: {'flyer-badges' : walmart.context.pageType === 'flyer'}">
				<div class="multisave-spark-container">
					<!--ko if: walmart.context.pageType === "flyer" --><!--/ko-->
					<!--ko ifnot: walmart.context.pageType === "flyer" -->
					<img src="/assets//img/multisave-badge/Multi-horizontal-en.svg">
					<!--/ko-->
				</div>
				<div class="multisave-price-count-container">
					<span class="badge-count" data-bind="text: badge.multiSave.quantity +' for'">2 for</span>
					<span class="badge-price" data-bind="html: badge.multiSave.price"><span>$</span>7</span>
				</div>
			</div>
			<!--/ko-->
		
		<!--/ko-->
	</div>
<!-- /ko --> <div class="only-for-screen-reader" data-bind="template: { name: 'dynamic-thumb-qty-template-only-for-screen-reader', data: {item: $root.findCartItemByRollupId('6000091056750'), variants: 1 }}">

	<!--ko if: $data.item != null --><!-- /ko -->
</div> <div class="description" aria-label="1.89L."> 1.89L </div> <div class="fade"></div> </div> <div class="ratings" data-automation="stock-up-ratings"> <div class="stars rating-3_5" aria-label="This product is rated 3.5 stars out of 5 stars," data-bind="template: { name: 'star-ratings' }">
	 <i class="star"></i>  <i class="star"></i>  <i class="star"></i>  <i class="star"></i>  <i class="star"></i> 
</div> <span class="review-count" aria-label="based on 135 reviews.">135 Reviews</span> <div class="fade"></div> </div> <div class="pricing-spacer" data-bind="component: { name: 'was-pricing', params: availability().pricing }"><div class="price-was" data-bind="html: wasPriceDisplay"></div><div class="price-cover"></div><div class="price-cover-percent"></div><div class="price-unit" data-bind="template: {name: &quot;price-per-unit-tooltip-template&quot;, data: pricePerUnit, afterRender: $root.initPricingPopup }">
	<a class="popup-opener popup-align-left price-unit-tooltip" data-title-headline="" data-title="This is a unit of measurement to help you compare the value of this item. Please know, this is not the price of the item itself." data-bind="text: $data, attr:{'aria-label' : '. Price is measured as ' + $data}" aria-label=". Price is measured as 21¢/100ml">21¢/100ml</a>
</div></div> <span class="all-price-sections"> <!-- ko ifnot: availability().pricing.mapPrice --> <div class="only-for-screen-reader" id="price">Price</div> <div class="price-current" data-bind="component: { name: 'current-pricing', params: { price: availability().pricing, simpleFormatting: true } }, css: { ranged: availability().pricing.ranged }"><div data-bind="possibleRangedCurrencyText: { data: price, simpleFormatting: simpleFormatting } "><span>$</span>3.97</div><div data-bind="template: {name: &quot;analytics-price-template&quot;, data: price, afterRender: $root.initVariableWeightPopup }">
	<span style="display:none;" data-analytics-type="product-price" class="product-price-analytics" data-analytics-value="3.97" data-bind="attr: { 'data-analytics-value': $data }">
	</span>
</div></div> <!-- /ko --> <!-- ko if: availability().pricing.mapPrice --><!-- /ko --> </span> </div> </a> <!-- ko if: true --> <div class="flyout-menu-trigger product-nutritionInfo" id="tooltip-6000091056750" aria-describedby="tooltip-desc-6000091056750" role="tooltip"> <button class="product-nutritionInfo-icon nutrition-icon-visible" aria-label="Nutritional Icon"></button> <div class="flyout-menu-wrap" analytics-trigger="analytics-ghs" analytics-data="ingredients" aria-expanded="false"> <button class="closeButton" aria-label="Nutritional Close"></button> <i class="arrow up"></i> <div class="flyout-menu-content"> <h3>Ingredients</h3> <div class="ingredients_content"> <p class="dietaryInfo" id="6000091056750"></p> </div> </div> </div> </div> <!-- /ko --> <div class="cart-qty-wrap"> <div class="floater"> <!-- ko ifnot : $root.findCartItemByRollupId('6000091056750') --> <!-- ko template: {
						name: 'a2c-or-next-order-button',
						data: {
							selectedVariant: $data,
							amendableOrder: $data.amendableOrder(),
							CTA: $data.CTA(),
							viewGrocery: $data.availability().statusOnline.viewGroceryEligible && $root.siteExperience() == "gm",
							detailUrl: "/en/ip/silk-almond-beverage-unsweetened-original-dairy-free-189l/6000091056750",
							trackingUrl: "",
							clickBeacon: ""
						}
					}
					-->
	<!-- ko if: $data.amendableOrder.allCallsAreSynchronized -->
		<!-- ko if: $data.amendableOrder.show --><!-- /ko -->

		<!-- ko ifnot: $data.amendableOrder.show -->

			
			<!-- ko if: $data.CTA.hasAvailableStatus && !!$data.CTA.text && !$data.viewGrocery -->
			<button class="button add-to-cart-btn limited-stock" data-bind="visible: $data.CTA.hasAvailableStatus, show: (!!$data.CTA.text), css: $data.CTA.status, attr: { 'data-click-tracking-url': $data.trackingUrl, 'data-click-beacon': $data.clickBeacon, 'aria-label': $data.CTA.status + ', ' + $data.CTA.text}" data-click-tracking-url="" data-click-beacon="" aria-label="limited-stock, Add to cart">
				<span class="ribbon-arrow" data-bind="html: $data.CTA.ribbonText, show: $data.CTA.ribbon">Limited Stock</span>
				<span class="btn-txt" data-bind="text: $data.CTA.text">Add to cart</span>
				<span class="loading-icon"></span>
			</button>
			<!-- /ko -->

			
			<!-- ko if: !$data.CTA.hasAvailableStatus && !!$data.CTA.text --><!-- /ko -->

			
			<!-- ko if: !$data.CTA.hasAvailableStatus && !$data.CTA.text --><!--/ko-->

			
			<!-- ko if: $data.CTA.hasAvailableStatus && !!$data.CTA.text  && $data.viewGrocery --><!-- /ko -->

		<!-- /ko -->

		<input type="hidden" data-bind="attr: { 'data-analytics-status-online': $data.selectedVariant.availability().statusOnline.status }" data-analytics-status-online="Available">
		<input type="hidden" data-bind="attr: { 'data-analytics-status-store': $data.selectedVariant.availability().statusStore.status }" data-analytics-status-store="">

	<!-- /ko -->
<!-- /ko --> <!-- /ko --> <!-- ko if : $root.findCartItemByRollupId('6000091056750') --><!-- /ko --> </div> </div> <input type="hidden" class="numSkus" value="1"> <input type="hidden" class="primary_parent_id" value="6000194349397"> <input type="hidden" class="categoryID" value="6000194349397"> <input type="hidden" class="displayTooltip" value="true"> <input type="hidden" class="productRollupID" value="6000091056750"> <input type="hidden" class="productID" value="10207024"> <input type="hidden" class="productSkus" value="{&quot;productid&quot;:&quot;10207024&quot;,&quot;skus&quot;:[[{&quot;skuid&quot;:&quot;10207024&quot;,&quot;minOrderQuantity&quot;:1,&quot;status&quot;:&quot;&quot;,&quot;eligibility_type&quot;:&quot;&quot;,&quot;date&quot;:&quot;&quot;,&quot;mfgr_sugd_rtl_amt&quot;:&quot;&quot;,&quot;price_comparison_qty&quot;:&quot;&quot;,&quot;price_comparison_unit&quot;:&quot;ML&quot;}]]}"> <input type="hidden" class="productQueryData" value="{&quot;6000091056750&quot;:[{&quot;sku&quot;:&quot;10207024&quot;,&quot;upc&quot;:[]}]}"> <input type="hidden" class="offerID" data-bind="attr: { value: $data.offerId }" value="10207024"> </div> </article>
<!-- /ko --> <!-- ko with: selectedVariant('6000201734277') -->
<article class="dynamic-cart-thumb stock-up-thumb product thumb-6000201734278 wgrid-2wAny" id="thumb-6000201734278" data-bind="css: { 'qty-toggle': $root.findCartItemByRollupId('6000201734277') }" data-rollup-id="6000201734277" data-automation="stock-up-thumb"> <div class="thumb-inner-wrap nutrition-enable nutrition-icon-enable"> <a class="product-link" data-bind="click: function() {$root.navigateToPip($data.availability().statusOnline.viewGroceryEligible &amp;&amp; $root.siteExperience() == 'gm', '/en/ip/great-value-medium-cheddar-cheese/6000201734277')}, attr: {href: !($data.availability().statusOnline.viewGroceryEligible &amp;&amp; $root.siteExperience() == 'gm') ? '/en/ip/great-value-medium-cheddar-cheese/6000201734277' : ''}" href="/en/ip/great-value-medium-cheddar-cheese/6000201734277"> <div class="badge-container"> <!-- ko template: { name: 'product-badges', if: !!$data.badgesAnalytics(), data: { badges: badges, badgesAnalytics: badgesAnalytics, screenReaderHidden : true } } -->
	<div class="badges" data-analytics-type="badges" data-bind="{ attr: { 'data-analytics-value': $data.badgesAnalytics(), 'aria-hidden' : $data.screenReaderHidden }, css : {'only-for-screen-reader' : !$data.screenReaderHidden} }" data-analytics-value="empty_en,Exclusive" aria-hidden="true">
		<!-- ko foreach: { data: $data.badges, as: 'badge' } -->
			<!--ko ifnot: badge.isMultiSave --><!--/ko-->
		
			<!--ko if: badge.isMultiSave-->
			<div class="multisave-badges" data-bind="css: {'flyer-badges' : walmart.context.pageType === 'flyer'}">
				<div class="multisave-spark-container">
					<!--ko if: walmart.context.pageType === "flyer" --><!--/ko-->
					<!--ko ifnot: walmart.context.pageType === "flyer" -->
					<img src="/assets//img/multisave-badge/Multi-horizontal-en.svg">
					<!--/ko-->
				</div>
				<div class="multisave-price-count-container">
					<span class="badge-count" data-bind="text: badge.multiSave.quantity +' for'">2 for</span>
					<span class="badge-price" data-bind="html: badge.multiSave.price"><span>$</span>8</span>
				</div>
			</div>
			<!--/ko-->
		
		
			<!--ko ifnot: badge.isMultiSave -->
			<span class="badge" data-bind="text: badge.text, style: { color: badge.foregroundColor, background: badge.backgroundColor, border: badge.outlineColor }, attr: { id: badge.id, 'aria-label': 'On ' + badge.text + '.' }" id="Walmart Exclusive" aria-label="On Exclusive." style="color: rgb(0, 114, 206); background: rgb(255, 255, 255); border: 1px solid rgb(0, 114, 206);">Exclusive</span>
			<!--/ko-->
		
			<!--ko if: badge.isMultiSave--><!--/ko-->
		
		<!--/ko-->
	</div>
<!-- /ko --> <!-- ko ifnot: $data.badgesAnalytics() --><!-- /ko --> </div> <div aria-hidden="true" data-bind="template: { name: 'dynamic-thumb-qty-template', data: {item: $root.findCartItemByRollupId('6000201734277'), variants: 1 }}">

	<!--ko if: $data.item != null --><!-- /ko -->
</div> <div class="centered-img"> <div class="cmp-atc-thmb-wrp"> <span class="cmp-atc-thmb-state">✔</span><span class="cmp-atc-thmb-copy mobile-hide"></span> </div> <div class="centered-img-wrap"> <img alt="" class="image lazy-img" src="data:image/gif;base64,R0lGODlhAQABAIAAAAAAAP///yH5BAEAAAAALAAAAAABAAEAAAIBRAA7" data-original="//i5.walmartimages.ca/images/Thumbnails/014/500/627735014500.jpg?odnBound=200" width="200" height="200"> </div> </div> <div class="product-details-container"> <div class="details"> <div class="title" aria-label="Great Value Medium Cheddar Cheese."> <h2 class="thumb-header">Great Value Medium Cheddar Cheese</h2> </div> <!-- ko template: { name: 'product-badges', if: !!$data.badgesAnalytics(), data: { badges: badges, badgesAnalytics: badgesAnalytics, screenReaderHidden : false } } -->
	<div class="badges only-for-screen-reader" data-analytics-type="badges" data-bind="{ attr: { 'data-analytics-value': $data.badgesAnalytics(), 'aria-hidden' : $data.screenReaderHidden }, css : {'only-for-screen-reader' : !$data.screenReaderHidden} }" data-analytics-value="empty_en,Exclusive">
		<!-- ko foreach: { data: $data.badges, as: 'badge' } -->
			<!--ko ifnot: badge.isMultiSave --><!--/ko-->
		
			<!--ko if: badge.isMultiSave-->
			<div class="multisave-badges" data-bind="css: {'flyer-badges' : walmart.context.pageType === 'flyer'}">
				<div class="multisave-spark-container">
					<!--ko if: walmart.context.pageType === "flyer" --><!--/ko-->
					<!--ko ifnot: walmart.context.pageType === "flyer" -->
					<img src="/assets//img/multisave-badge/Multi-horizontal-en.svg">
					<!--/ko-->
				</div>
				<div class="multisave-price-count-container">
					<span class="badge-count" data-bind="text: badge.multiSave.quantity +' for'">2 for</span>
					<span class="badge-price" data-bind="html: badge.multiSave.price"><span>$</span>8</span>
				</div>
			</div>
			<!--/ko-->
		
		
			<!--ko ifnot: badge.isMultiSave -->
			<span class="badge" data-bind="text: badge.text, style: { color: badge.foregroundColor, background: badge.backgroundColor, border: badge.outlineColor }, attr: { id: badge.id, 'aria-label': 'On ' + badge.text + '.' }" id="Walmart Exclusive" aria-label="On Exclusive." style="color: rgb(0, 114, 206); background: rgb(255, 255, 255); border: 1px solid rgb(0, 114, 206);">Exclusive</span>
			<!--/ko-->
		
			<!--ko if: badge.isMultiSave--><!--/ko-->
		
		<!--/ko-->
	</div>
<!-- /ko --> <div class="only-for-screen-reader" data-bind="template: { name: 'dynamic-thumb-qty-template-only-for-screen-reader', data: {item: $root.findCartItemByRollupId('6000201734277'), variants: 1 }}">

	<!--ko if: $data.item != null --><!-- /ko -->
</div> <div class="description" aria-label="400 g."> 400 g </div> <div class="fade"></div> </div> <div class="ratings" data-automation="stock-up-ratings"> <div class="stars rating-0_0" aria-label="This product has not been rated." data-bind="template: { name: 'star-ratings' }">
	 <i class="star"></i>  <i class="star"></i>  <i class="star"></i>  <i class="star"></i>  <i class="star"></i> 
</div> <span class="review-count" aria-label="This product hasn’t been reviewed.">0 Reviews</span> <div class="fade"></div> </div> <div class="pricing-spacer" data-bind="component: { name: 'was-pricing', params: availability().pricing }"><div class="price-was" data-bind="html: wasPriceDisplay"></div><div class="price-cover"></div><div class="price-cover-percent"></div><div class="price-unit" data-bind="template: {name: &quot;price-per-unit-tooltip-template&quot;, data: pricePerUnit, afterRender: $root.initPricingPopup }">
	<a class="popup-opener popup-align-left price-unit-tooltip" data-title-headline="" data-title="This is a unit of measurement to help you compare the value of this item. Please know, this is not the price of the item itself." data-bind="text: $data, attr:{'aria-label' : '. Price is measured as ' + $data}" aria-label=". Price is measured as $1.44/100g">$1.44/100g</a>
</div></div> <span class="all-price-sections"> <!-- ko ifnot: availability().pricing.mapPrice --> <div class="only-for-screen-reader" id="price">Price</div> <div class="price-current" data-bind="component: { name: 'current-pricing', params: { price: availability().pricing, simpleFormatting: true } }, css: { ranged: availability().pricing.ranged }"><div data-bind="possibleRangedCurrencyText: { data: price, simpleFormatting: simpleFormatting } "><span>$</span>5.77</div><div data-bind="template: {name: &quot;analytics-price-template&quot;, data: price, afterRender: $root.initVariableWeightPopup }">
	<span style="display:none;" data-analytics-type="product-price" class="product-price-analytics" data-analytics-value="5.77" data-bind="attr: { 'data-analytics-value': $data }">
	</span>
</div></div> <!-- /ko --> <!-- ko if: availability().pricing.mapPrice --><!-- /ko --> </span> </div> </a> <!-- ko if: true --> <div class="flyout-menu-trigger product-nutritionInfo" id="tooltip-6000201734277" aria-describedby="tooltip-desc-6000201734277" role="tooltip"> <button class="product-nutritionInfo-icon nutrition-icon-visible" aria-label="Nutritional Icon"></button> <div class="flyout-menu-wrap" analytics-trigger="analytics-ghs" analytics-data="ingredients" aria-expanded="false"> <button class="closeButton" aria-label="Nutritional Close"></button> <i class="arrow up"></i> <div class="flyout-menu-content"> <h3>Ingredients</h3> <div class="ingredients_content"> <p class="dietaryInfo" id="6000201734277"></p> </div> </div> </div> </div> <!-- /ko --> <div class="cart-qty-wrap"> <div class="floater"> <!-- ko ifnot : $root.findCartItemByRollupId('6000201734277') --> <!-- ko template: {
						name: 'a2c-or-next-order-button',
						data: {
							selectedVariant: $data,
							amendableOrder: $data.amendableOrder(),
							CTA: $data.CTA(),
							viewGrocery: $data.availability().statusOnline.viewGroceryEligible && $root.siteExperience() == "gm",
							detailUrl: "/en/ip/great-value-medium-cheddar-cheese/6000201734277",
							trackingUrl: "",
							clickBeacon: ""
						}
					}
					-->
	<!-- ko if: $data.amendableOrder.allCallsAreSynchronized -->
		<!-- ko if: $data.amendableOrder.show --><!-- /ko -->

		<!-- ko ifnot: $data.amendableOrder.show -->

			
			<!-- ko if: $data.CTA.hasAvailableStatus && !!$data.CTA.text && !$data.viewGrocery -->
			<button class="button add-to-cart-btn limited-stock" data-bind="visible: $data.CTA.hasAvailableStatus, show: (!!$data.CTA.text), css: $data.CTA.status, attr: { 'data-click-tracking-url': $data.trackingUrl, 'data-click-beacon': $data.clickBeacon, 'aria-label': $data.CTA.status + ', ' + $data.CTA.text}" data-click-tracking-url="" data-click-beacon="" aria-label="limited-stock, Add to cart">
				<span class="ribbon-arrow" data-bind="html: $data.CTA.ribbonText, show: $data.CTA.ribbon">Limited Stock</span>
				<span class="btn-txt" data-bind="text: $data.CTA.text">Add to cart</span>
				<span class="loading-icon"></span>
			</button>
			<!-- /ko -->

			
			<!-- ko if: !$data.CTA.hasAvailableStatus && !!$data.CTA.text --><!-- /ko -->

			
			<!-- ko if: !$data.CTA.hasAvailableStatus && !$data.CTA.text --><!--/ko-->

			
			<!-- ko if: $data.CTA.hasAvailableStatus && !!$data.CTA.text  && $data.viewGrocery --><!-- /ko -->

		<!-- /ko -->

		<input type="hidden" data-bind="attr: { 'data-analytics-status-online': $data.selectedVariant.availability().statusOnline.status }" data-analytics-status-online="Available">
		<input type="hidden" data-bind="attr: { 'data-analytics-status-store': $data.selectedVariant.availability().statusStore.status }" data-analytics-status-store="">

	<!-- /ko -->
<!-- /ko --> <!-- /ko --> <!-- ko if : $root.findCartItemByRollupId('6000201734277') --><!-- /ko --> </div> </div> <input type="hidden" class="numSkus" value="1"> <input type="hidden" class="primary_parent_id" value="6000194349390"> <input type="hidden" class="categoryID" value="6000194349390"> <input type="hidden" class="displayTooltip" value="true"> <input type="hidden" class="productRollupID" value="6000201734277"> <input type="hidden" class="productID" value="6000201734278"> <input type="hidden" class="productSkus" value="{&quot;productid&quot;:&quot;6000201734278&quot;,&quot;skus&quot;:[[{&quot;skuid&quot;:&quot;6000201734278&quot;,&quot;minOrderQuantity&quot;:1,&quot;status&quot;:&quot;&quot;,&quot;eligibility_type&quot;:&quot;&quot;,&quot;date&quot;:&quot;&quot;,&quot;mfgr_sugd_rtl_amt&quot;:&quot;&quot;,&quot;price_comparison_qty&quot;:&quot;&quot;,&quot;price_comparison_unit&quot;:&quot;GR&quot;}]]}"> <input type="hidden" class="productQueryData" value="{&quot;6000201734277&quot;:[{&quot;sku&quot;:&quot;6000201734278&quot;,&quot;upc&quot;:[]}]}"> <input type="hidden" class="offerID" data-bind="attr: { value: $data.offerId }" value="6000201734278"> </div> </article>
<!-- /ko --> <!-- ko with: selectedVariant('6000001850463') -->
<article class="dynamic-cart-thumb stock-up-thumb product thumb-10054562 wgrid-2wAny" id="thumb-10054562" data-bind="css: { 'qty-toggle': $root.findCartItemByRollupId('6000001850463') }" data-rollup-id="6000001850463" data-automation="stock-up-thumb"> <div class="thumb-inner-wrap nutrition-enable nutrition-icon-enable"> <a class="product-link" data-bind="click: function() {$root.navigateToPip($data.availability().statusOnline.viewGroceryEligible &amp;&amp; $root.siteExperience() == 'gm', '/en/ip/great-value-cream-cheese/6000001850463')}, attr: {href: !($data.availability().statusOnline.viewGroceryEligible &amp;&amp; $root.siteExperience() == 'gm') ? '/en/ip/great-value-cream-cheese/6000001850463' : ''}" href="/en/ip/great-value-cream-cheese/6000001850463"> <div class="badge-container"> <!-- ko template: { name: 'product-badges', if: !!$data.badgesAnalytics(), data: { badges: badges, badgesAnalytics: badgesAnalytics, screenReaderHidden : true } } -->
	<div class="badges" data-analytics-type="badges" data-bind="{ attr: { 'data-analytics-value': $data.badgesAnalytics(), 'aria-hidden' : $data.screenReaderHidden }, css : {'only-for-screen-reader' : !$data.screenReaderHidden} }" data-analytics-value="Exclusive" aria-hidden="true">
		<!-- ko foreach: { data: $data.badges, as: 'badge' } -->
			<!--ko ifnot: badge.isMultiSave -->
			<span class="badge" data-bind="text: badge.text, style: { color: badge.foregroundColor, background: badge.backgroundColor, border: badge.outlineColor }, attr: { id: badge.id, 'aria-label': 'On ' + badge.text + '.' }" id="Walmart Exclusive" aria-label="On Exclusive." style="color: rgb(0, 114, 206); background: rgb(255, 255, 255); border: 1px solid rgb(0, 114, 206);">Exclusive</span>
			<!--/ko-->
		
			<!--ko if: badge.isMultiSave--><!--/ko-->
		
		<!--/ko-->
	</div>
<!-- /ko --> <!-- ko ifnot: $data.badgesAnalytics() --><!-- /ko --> </div> <div aria-hidden="true" data-bind="template: { name: 'dynamic-thumb-qty-template', data: {item: $root.findCartItemByRollupId('6000001850463'), variants: 1 }}">

	<!--ko if: $data.item != null --><!-- /ko -->
</div> <div class="centered-img"> <div class="cmp-atc-thmb-wrp"> <span class="cmp-atc-thmb-state">✔</span><span class="cmp-atc-thmb-copy mobile-hide"></span> </div> <div class="centered-img-wrap"> <img alt="" class="image lazy-img" src="data:image/gif;base64,R0lGODlhAQABAIAAAAAAAP///yH5BAEAAAAALAAAAAABAAEAAAIBRAA7" data-original="//i5.walmartimages.ca/images/Thumbnails/877/765/605388877765.jpg?odnBound=200" width="200" height="200"> </div> </div> <div class="product-details-container"> <div class="details"> <div class="title" aria-label="Great Value Cream Cheese."> <h2 class="thumb-header">Great Value Cream Cheese</h2> </div> <!-- ko template: { name: 'product-badges', if: !!$data.badgesAnalytics(), data: { badges: badges, badgesAnalytics: badgesAnalytics, screenReaderHidden : false } } -->
	<div class="badges only-for-screen-reader" data-analytics-type="badges" data-bind="{ attr: { 'data-analytics-value': $data.badgesAnalytics(), 'aria-hidden' : $data.screenReaderHidden }, css : {'only-for-screen-reader' : !$data.screenReaderHidden} }" data-analytics-value="Exclusive">
		<!-- ko foreach: { data: $data.badges, as: 'badge' } -->
			<!--ko ifnot: badge.isMultiSave -->
			<span class="badge" data-bind="text: badge.text, style: { color: badge.foregroundColor, background: badge.backgroundColor, border: badge.outlineColor }, attr: { id: badge.id, 'aria-label': 'On ' + badge.text + '.' }" id="Walmart Exclusive" aria-label="On Exclusive." style="color: rgb(0, 114, 206); background: rgb(255, 255, 255); border: 1px solid rgb(0, 114, 206);">Exclusive</span>
			<!--/ko-->
		
			<!--ko if: badge.isMultiSave--><!--/ko-->
		
		<!--/ko-->
	</div>
<!-- /ko --> <div class="only-for-screen-reader" data-bind="template: { name: 'dynamic-thumb-qty-template-only-for-screen-reader', data: {item: $root.findCartItemByRollupId('6000001850463'), variants: 1 }}">

	<!--ko if: $data.item != null --><!-- /ko -->
</div> <div class="description" aria-label="250 g."> 250 g </div> <div class="fade"></div> </div> <div class="ratings" data-automation="stock-up-ratings"> <div class="stars rating-4_0" aria-label="This product is rated 4 stars out of 5 stars," data-bind="template: { name: 'star-ratings' }">
	 <i class="star"></i>  <i class="star"></i>  <i class="star"></i>  <i class="star"></i>  <i class="star"></i> 
</div> <span class="review-count" aria-label="based on 5 reviews.">5 Reviews</span> <div class="fade"></div> </div> <div class="pricing-spacer" data-bind="component: { name: 'was-pricing', params: availability().pricing }"><div class="price-was" data-bind="html: wasPriceDisplay"></div><div class="price-cover"></div><div class="price-cover-percent"></div><div class="price-unit" data-bind="template: {name: &quot;price-per-unit-tooltip-template&quot;, data: pricePerUnit, afterRender: $root.initPricingPopup }">
	<a class="popup-opener popup-align-left price-unit-tooltip" data-title-headline="" data-title="This is a unit of measurement to help you compare the value of this item. Please know, this is not the price of the item itself." data-bind="text: $data, attr:{'aria-label' : '. Price is measured as ' + $data}" aria-label=". Price is measured as 91¢/100g">91¢/100g</a>
</div></div> <span class="all-price-sections"> <!-- ko ifnot: availability().pricing.mapPrice --> <div class="only-for-screen-reader" id="price">Price</div> <div class="price-current" data-bind="component: { name: 'current-pricing', params: { price: availability().pricing, simpleFormatting: true } }, css: { ranged: availability().pricing.ranged }"><div data-bind="possibleRangedCurrencyText: { data: price, simpleFormatting: simpleFormatting } "><span>$</span>2.27</div><div data-bind="template: {name: &quot;analytics-price-template&quot;, data: price, afterRender: $root.initVariableWeightPopup }">
	<span style="display:none;" data-analytics-type="product-price" class="product-price-analytics" data-analytics-value="2.27" data-bind="attr: { 'data-analytics-value': $data }">
	</span>
</div></div> <!-- /ko --> <!-- ko if: availability().pricing.mapPrice --><!-- /ko --> </span> </div> </a> <!-- ko if: true --> <div class="flyout-menu-trigger product-nutritionInfo" id="tooltip-6000001850463" aria-describedby="tooltip-desc-6000001850463" role="tooltip"> <button class="product-nutritionInfo-icon nutrition-icon-visible" aria-label="Nutritional Icon"></button> <div class="flyout-menu-wrap" analytics-trigger="analytics-ghs" analytics-data="ingredients" aria-expanded="false"> <button class="closeButton" aria-label="Nutritional Close"></button> <i class="arrow up"></i> <div class="flyout-menu-content"> <h3>Ingredients</h3> <div class="ingredients_content"> <p class="dietaryInfo" id="6000001850463"></p> </div> </div> </div> </div> <!-- /ko --> <div class="cart-qty-wrap"> <div class="floater"> <!-- ko ifnot : $root.findCartItemByRollupId('6000001850463') --> <!-- ko template: {
						name: 'a2c-or-next-order-button',
						data: {
							selectedVariant: $data,
							amendableOrder: $data.amendableOrder(),
							CTA: $data.CTA(),
							viewGrocery: $data.availability().statusOnline.viewGroceryEligible && $root.siteExperience() == "gm",
							detailUrl: "/en/ip/great-value-cream-cheese/6000001850463",
							trackingUrl: "",
							clickBeacon: ""
						}
					}
					-->
	<!-- ko if: $data.amendableOrder.allCallsAreSynchronized -->
		<!-- ko if: $data.amendableOrder.show --><!-- /ko -->

		<!-- ko ifnot: $data.amendableOrder.show -->

			
			<!-- ko if: $data.CTA.hasAvailableStatus && !!$data.CTA.text && !$data.viewGrocery -->
			<button class="button add-to-cart-btn limited-stock" data-bind="visible: $data.CTA.hasAvailableStatus, show: (!!$data.CTA.text), css: $data.CTA.status, attr: { 'data-click-tracking-url': $data.trackingUrl, 'data-click-beacon': $data.clickBeacon, 'aria-label': $data.CTA.status + ', ' + $data.CTA.text}" data-click-tracking-url="" data-click-beacon="" aria-label="limited-stock, Add to cart">
				<span class="ribbon-arrow" data-bind="html: $data.CTA.ribbonText, show: $data.CTA.ribbon">Limited Stock</span>
				<span class="btn-txt" data-bind="text: $data.CTA.text">Add to cart</span>
				<span class="loading-icon"></span>
			</button>
			<!-- /ko -->

			
			<!-- ko if: !$data.CTA.hasAvailableStatus && !!$data.CTA.text --><!-- /ko -->

			
			<!-- ko if: !$data.CTA.hasAvailableStatus && !$data.CTA.text --><!--/ko-->

			
			<!-- ko if: $data.CTA.hasAvailableStatus && !!$data.CTA.text  && $data.viewGrocery --><!-- /ko -->

		<!-- /ko -->

		<input type="hidden" data-bind="attr: { 'data-analytics-status-online': $data.selectedVariant.availability().statusOnline.status }" data-analytics-status-online="Available">
		<input type="hidden" data-bind="attr: { 'data-analytics-status-store': $data.selectedVariant.availability().statusStore.status }" data-analytics-status-store="">

	<!-- /ko -->
<!-- /ko --> <!-- /ko --> <!-- ko if : $root.findCartItemByRollupId('6000001850463') --><!-- /ko --> </div> </div> <input type="hidden" class="numSkus" value="1"> <input type="hidden" class="primary_parent_id" value="6000194349392"> <input type="hidden" class="categoryID" value="6000194349392"> <input type="hidden" class="displayTooltip" value="true"> <input type="hidden" class="productRollupID" value="6000001850463"> <input type="hidden" class="productID" value="10054562"> <input type="hidden" class="productSkus" value="{&quot;productid&quot;:&quot;10054562&quot;,&quot;skus&quot;:[[{&quot;skuid&quot;:&quot;10054562&quot;,&quot;minOrderQuantity&quot;:1,&quot;status&quot;:&quot;&quot;,&quot;eligibility_type&quot;:&quot;&quot;,&quot;date&quot;:&quot;&quot;,&quot;mfgr_sugd_rtl_amt&quot;:&quot;&quot;,&quot;price_comparison_qty&quot;:&quot;&quot;,&quot;price_comparison_unit&quot;:&quot;GR&quot;}]]}"> <input type="hidden" class="productQueryData" value="{&quot;6000001850463&quot;:[{&quot;sku&quot;:&quot;10054562&quot;,&quot;upc&quot;:[]}]}"> <input type="hidden" class="offerID" data-bind="attr: { value: $data.offerId }" value="10054562"> </div> </article>
<!-- /ko --> <!-- ko with: selectedVariant('6000023804492') -->
<article class="dynamic-cart-thumb stock-up-thumb product thumb-10053807 wgrid-2wAny marg-r-0" id="thumb-10053807" data-bind="css: { 'qty-toggle': $root.findCartItemByRollupId('6000023804492') }" data-rollup-id="6000023804492" data-automation="stock-up-thumb"> <div class="thumb-inner-wrap nutrition-enable nutrition-icon-enable"> <a class="product-link" data-bind="click: function() {$root.navigateToPip($data.availability().statusOnline.viewGroceryEligible &amp;&amp; $root.siteExperience() == 'gm', '/en/ip/philadelphia-original-brick-cream-cheese/6000023804492')}, attr: {href: !($data.availability().statusOnline.viewGroceryEligible &amp;&amp; $root.siteExperience() == 'gm') ? '/en/ip/philadelphia-original-brick-cream-cheese/6000023804492' : ''}" href="/en/ip/philadelphia-original-brick-cream-cheese/6000023804492"> <div class="badge-container"> <!-- ko template: { name: 'product-badges', if: !!$data.badgesAnalytics(), data: { badges: badges, badgesAnalytics: badgesAnalytics, screenReaderHidden : true } } --><!-- /ko --> <!-- ko ifnot: $data.badgesAnalytics() --> <span class="badge"></span> <!-- /ko --> </div> <div aria-hidden="true" data-bind="template: { name: 'dynamic-thumb-qty-template', data: {item: $root.findCartItemByRollupId('6000023804492'), variants: 1 }}">

	<!--ko if: $data.item != null --><!-- /ko -->
</div> <div class="centered-img"> <div class="cmp-atc-thmb-wrp"> <span class="cmp-atc-thmb-state">✔</span><span class="cmp-atc-thmb-copy mobile-hide"></span> </div> <div class="centered-img-wrap"> <img alt="" class="image lazy-img" src="data:image/gif;base64,R0lGODlhAQABAIAAAAAAAP///yH5BAEAAAAALAAAAAABAAEAAAIBRAA7" data-original="//i5.walmartimages.ca/images/Thumbnails/8_a/1c1/999999-00068100011258_a1c1.jpg?odnBound=200" width="200" height="200"> </div> </div> <div class="product-details-container"> <div class="details"> <div class="title" aria-label="Philadelphia Original Brick Cream Cheese."> <h2 class="thumb-header">Philadelphia Original Brick Cream Cheese</h2> </div> <!-- ko template: { name: 'product-badges', if: !!$data.badgesAnalytics(), data: { badges: badges, badgesAnalytics: badgesAnalytics, screenReaderHidden : false } } --><!-- /ko --> <div class="only-for-screen-reader" data-bind="template: { name: 'dynamic-thumb-qty-template-only-for-screen-reader', data: {item: $root.findCartItemByRollupId('6000023804492'), variants: 1 }}">

	<!--ko if: $data.item != null --><!-- /ko -->
</div> <div class="description" aria-label="250g."> 250g </div> <div class="fade"></div> </div> <div class="ratings" data-automation="stock-up-ratings"> <div class="stars rating-5_0" aria-label="This product is rated 5 stars out of 5 stars," data-bind="template: { name: 'star-ratings' }">
	 <i class="star"></i>  <i class="star"></i>  <i class="star"></i>  <i class="star"></i>  <i class="star"></i> 
</div> <span class="review-count" aria-label="based on 175 reviews.">175 Reviews</span> <div class="fade"></div> </div> <div class="pricing-spacer" data-bind="component: { name: 'was-pricing', params: availability().pricing }"><div class="price-was" data-bind="html: wasPriceDisplay"></div><div class="price-cover"></div><div class="price-cover-percent"></div><div class="price-unit" data-bind="template: {name: &quot;price-per-unit-tooltip-template&quot;, data: pricePerUnit, afterRender: $root.initPricingPopup }">
	<a class="popup-opener popup-align-left price-unit-tooltip" data-title-headline="" data-title="This is a unit of measurement to help you compare the value of this item. Please know, this is not the price of the item itself." data-bind="text: $data, attr:{'aria-label' : '. Price is measured as ' + $data}" aria-label=". Price is measured as $1.59/100g">$1.59/100g</a>
</div></div> <span class="all-price-sections"> <!-- ko ifnot: availability().pricing.mapPrice --> <div class="only-for-screen-reader" id="price">Price</div> <div class="price-current" data-bind="component: { name: 'current-pricing', params: { price: availability().pricing, simpleFormatting: true } }, css: { ranged: availability().pricing.ranged }"><div data-bind="possibleRangedCurrencyText: { data: price, simpleFormatting: simpleFormatting } "><span>$</span>3.97</div><div data-bind="template: {name: &quot;analytics-price-template&quot;, data: price, afterRender: $root.initVariableWeightPopup }">
	<span style="display:none;" data-analytics-type="product-price" class="product-price-analytics" data-analytics-value="3.97" data-bind="attr: { 'data-analytics-value': $data }">
	</span>
</div></div> <!-- /ko --> <!-- ko if: availability().pricing.mapPrice --><!-- /ko --> </span> </div> </a> <!-- ko if: true --> <div class="flyout-menu-trigger product-nutritionInfo" id="tooltip-6000023804492" aria-describedby="tooltip-desc-6000023804492" role="tooltip"> <button class="product-nutritionInfo-icon nutrition-icon-visible" aria-label="Nutritional Icon"></button> <div class="flyout-menu-wrap" analytics-trigger="analytics-ghs" analytics-data="ingredients" aria-expanded="false"> <button class="closeButton" aria-label="Nutritional Close"></button> <i class="arrow up"></i> <div class="flyout-menu-content"> <h3>Ingredients</h3> <div class="ingredients_content"> <p class="dietaryInfo" id="6000023804492"></p> </div> </div> </div> </div> <!-- /ko --> <div class="cart-qty-wrap"> <div class="floater"> <!-- ko ifnot : $root.findCartItemByRollupId('6000023804492') --> <!-- ko template: {
						name: 'a2c-or-next-order-button',
						data: {
							selectedVariant: $data,
							amendableOrder: $data.amendableOrder(),
							CTA: $data.CTA(),
							viewGrocery: $data.availability().statusOnline.viewGroceryEligible && $root.siteExperience() == "gm",
							detailUrl: "/en/ip/philadelphia-original-brick-cream-cheese/6000023804492",
							trackingUrl: "",
							clickBeacon: ""
						}
					}
					-->
	<!-- ko if: $data.amendableOrder.allCallsAreSynchronized -->
		<!-- ko if: $data.amendableOrder.show --><!-- /ko -->

		<!-- ko ifnot: $data.amendableOrder.show -->

			
			<!-- ko if: $data.CTA.hasAvailableStatus && !!$data.CTA.text && !$data.viewGrocery -->
			<button class="button add-to-cart-btn limited-stock" data-bind="visible: $data.CTA.hasAvailableStatus, show: (!!$data.CTA.text), css: $data.CTA.status, attr: { 'data-click-tracking-url': $data.trackingUrl, 'data-click-beacon': $data.clickBeacon, 'aria-label': $data.CTA.status + ', ' + $data.CTA.text}" data-click-tracking-url="" data-click-beacon="" aria-label="limited-stock, Add to cart">
				<span class="ribbon-arrow" data-bind="html: $data.CTA.ribbonText, show: $data.CTA.ribbon">Limited Stock</span>
				<span class="btn-txt" data-bind="text: $data.CTA.text">Add to cart</span>
				<span class="loading-icon"></span>
			</button>
			<!-- /ko -->

			
			<!-- ko if: !$data.CTA.hasAvailableStatus && !!$data.CTA.text --><!-- /ko -->

			
			<!-- ko if: !$data.CTA.hasAvailableStatus && !$data.CTA.text --><!--/ko-->

			
			<!-- ko if: $data.CTA.hasAvailableStatus && !!$data.CTA.text  && $data.viewGrocery --><!-- /ko -->

		<!-- /ko -->

		<input type="hidden" data-bind="attr: { 'data-analytics-status-online': $data.selectedVariant.availability().statusOnline.status }" data-analytics-status-online="Available">
		<input type="hidden" data-bind="attr: { 'data-analytics-status-store': $data.selectedVariant.availability().statusStore.status }" data-analytics-status-store="">

	<!-- /ko -->
<!-- /ko --> <!-- /ko --> <!-- ko if : $root.findCartItemByRollupId('6000023804492') --><!-- /ko --> </div> </div> <input type="hidden" class="numSkus" value="1"> <input type="hidden" class="primary_parent_id" value="6000188228272"> <input type="hidden" class="categoryID" value="6000188228272"> <input type="hidden" class="displayTooltip" value="true"> <input type="hidden" class="productRollupID" value="6000023804492"> <input type="hidden" class="productID" value="10053807"> <input type="hidden" class="productSkus" value="{&quot;productid&quot;:&quot;10053807&quot;,&quot;skus&quot;:[[{&quot;skuid&quot;:&quot;10053807&quot;,&quot;minOrderQuantity&quot;:1,&quot;status&quot;:&quot;&quot;,&quot;eligibility_type&quot;:&quot;&quot;,&quot;date&quot;:&quot;&quot;,&quot;mfgr_sugd_rtl_amt&quot;:&quot;&quot;,&quot;price_comparison_qty&quot;:&quot;&quot;,&quot;price_comparison_unit&quot;:&quot;GR&quot;}]]}"> <input type="hidden" class="productQueryData" value="{&quot;6000023804492&quot;:[{&quot;sku&quot;:&quot;10053807&quot;,&quot;upc&quot;:[]}]}"> <input type="hidden" class="offerID" data-bind="attr: { value: $data.offerId }" value="10053807"> </div> </article>
<!-- /ko --> <!-- ko with: selectedVariant('6000001843796') -->
<div class="shelf-spacer"></div><article class="dynamic-cart-thumb stock-up-thumb product thumb-10287613 wgrid-2wAny marg-l-0" id="thumb-10287613" data-bind="css: { 'qty-toggle': $root.findCartItemByRollupId('6000001843796') }" data-rollup-id="6000001843796" data-automation="stock-up-thumb"> <div class="thumb-inner-wrap nutrition-enable nutrition-icon-enable"> <a class="product-link" data-bind="click: function() {$root.navigateToPip($data.availability().statusOnline.viewGroceryEligible &amp;&amp; $root.siteExperience() == 'gm', '/en/ip/yop-by-yoplait-strawberry-banana-drinkable-yogurt/6000001843796')}, attr: {href: !($data.availability().statusOnline.viewGroceryEligible &amp;&amp; $root.siteExperience() == 'gm') ? '/en/ip/yop-by-yoplait-strawberry-banana-drinkable-yogurt/6000001843796' : ''}" href="/en/ip/yop-by-yoplait-strawberry-banana-drinkable-yogurt/6000001843796"> <div class="badge-container"> <!-- ko template: { name: 'product-badges', if: !!$data.badgesAnalytics(), data: { badges: badges, badgesAnalytics: badgesAnalytics, screenReaderHidden : true } } --><!-- /ko --> <!-- ko ifnot: $data.badgesAnalytics() --> <span class="badge"></span> <!-- /ko --> </div> <div aria-hidden="true" data-bind="template: { name: 'dynamic-thumb-qty-template', data: {item: $root.findCartItemByRollupId('6000001843796'), variants: 1 }}">

	<!--ko if: $data.item != null --><!-- /ko -->
</div> <div class="centered-img"> <div class="cmp-atc-thmb-wrp"> <span class="cmp-atc-thmb-state">✔</span><span class="cmp-atc-thmb-copy mobile-hide"></span> </div> <div class="centered-img-wrap"> <img alt="" class="image lazy-img" src="data:image/gif;base64,R0lGODlhAQABAIAAAAAAAP///yH5BAEAAAAALAAAAAABAAEAAAIBRAA7" data-original="//i5.walmartimages.ca/images/Thumbnails/183/634/6000202183634.jpg?odnBound=200" width="200" height="200"> </div> </div> <div class="product-details-container"> <div class="details"> <div class="title" aria-label="Yop by Yoplait Strawberry-Banana Drinkable Yogurt."> <h2 class="thumb-header">Yop by Yoplait Strawberry-Banana Drinkable Yogurt</h2> </div> <!-- ko template: { name: 'product-badges', if: !!$data.badgesAnalytics(), data: { badges: badges, badgesAnalytics: badgesAnalytics, screenReaderHidden : false } } --><!-- /ko --> <div class="only-for-screen-reader" data-bind="template: { name: 'dynamic-thumb-qty-template-only-for-screen-reader', data: {item: $root.findCartItemByRollupId('6000001843796'), variants: 1 }}">

	<!--ko if: $data.item != null --><!-- /ko -->
</div> <div class="description" aria-label="200 mL."> 200 mL </div> <div class="fade"></div> </div> <div class="ratings" data-automation="stock-up-ratings"> <div class="stars rating-0_0" aria-label="This product has not been rated." data-bind="template: { name: 'star-ratings' }">
	 <i class="star"></i>  <i class="star"></i>  <i class="star"></i>  <i class="star"></i>  <i class="star"></i> 
</div> <span class="review-count" aria-label="This product hasn’t been reviewed.">0 Reviews</span> <div class="fade"></div> </div> <div class="pricing-spacer" data-bind="component: { name: 'was-pricing', params: availability().pricing }"><div class="price-was" data-bind="html: wasPriceDisplay">Was <span><span>$</span>1.14</span></div><div class="price-cover"></div><div class="price-cover-percent"></div><div class="price-unit" data-bind="template: {name: &quot;price-per-unit-tooltip-template&quot;, data: pricePerUnit, afterRender: $root.initPricingPopup }">
	<a class="popup-opener popup-align-left price-unit-tooltip" data-title-headline="" data-title="This is a unit of measurement to help you compare the value of this item. Please know, this is not the price of the item itself." data-bind="text: $data, attr:{'aria-label' : '. Price is measured as ' + $data}" aria-label=". Price is measured as 39¢/100ml">39¢/100ml</a>
</div></div> <span class="all-price-sections"> <!-- ko ifnot: availability().pricing.mapPrice --> <div class="only-for-screen-reader" id="price">Price</div> <div class="price-current" data-bind="component: { name: 'current-pricing', params: { price: availability().pricing, simpleFormatting: true } }, css: { ranged: availability().pricing.ranged }"><div data-bind="possibleRangedCurrencyText: { data: price, simpleFormatting: simpleFormatting } ">78¢</div><div data-bind="template: {name: &quot;analytics-price-template&quot;, data: price, afterRender: $root.initVariableWeightPopup }">
	<span style="display:none;" data-analytics-type="product-price" class="product-price-analytics" data-analytics-value="0.78" data-bind="attr: { 'data-analytics-value': $data }">
	</span>
</div></div> <!-- /ko --> <!-- ko if: availability().pricing.mapPrice --><!-- /ko --> </span> </div> </a> <!-- ko if: true --> <div class="flyout-menu-trigger product-nutritionInfo" id="tooltip-6000001843796" aria-describedby="tooltip-desc-6000001843796" role="tooltip"> <button class="product-nutritionInfo-icon nutrition-icon-visible" aria-label="Nutritional Icon"></button> <div class="flyout-menu-wrap" analytics-trigger="analytics-ghs" analytics-data="ingredients" aria-expanded="false"> <button class="closeButton" aria-label="Nutritional Close"></button> <i class="arrow up"></i> <div class="flyout-menu-content"> <h3>Ingredients</h3> <div class="ingredients_content"> <p class="dietaryInfo" id="6000001843796"></p> </div> </div> </div> </div> <!-- /ko --> <div class="cart-qty-wrap"> <div class="floater"> <!-- ko ifnot : $root.findCartItemByRollupId('6000001843796') --> <!-- ko template: {
						name: 'a2c-or-next-order-button',
						data: {
							selectedVariant: $data,
							amendableOrder: $data.amendableOrder(),
							CTA: $data.CTA(),
							viewGrocery: $data.availability().statusOnline.viewGroceryEligible && $root.siteExperience() == "gm",
							detailUrl: "/en/ip/yop-by-yoplait-strawberry-banana-drinkable-yogurt/6000001843796",
							trackingUrl: "",
							clickBeacon: ""
						}
					}
					-->
	<!-- ko if: $data.amendableOrder.allCallsAreSynchronized -->
		<!-- ko if: $data.amendableOrder.show --><!-- /ko -->

		<!-- ko ifnot: $data.amendableOrder.show -->

			
			<!-- ko if: $data.CTA.hasAvailableStatus && !!$data.CTA.text && !$data.viewGrocery -->
			<button class="button add-to-cart-btn limited-stock" data-bind="visible: $data.CTA.hasAvailableStatus, show: (!!$data.CTA.text), css: $data.CTA.status, attr: { 'data-click-tracking-url': $data.trackingUrl, 'data-click-beacon': $data.clickBeacon, 'aria-label': $data.CTA.status + ', ' + $data.CTA.text}" data-click-tracking-url="" data-click-beacon="" aria-label="limited-stock, Add to cart">
				<span class="ribbon-arrow" data-bind="html: $data.CTA.ribbonText, show: $data.CTA.ribbon">Limited Stock</span>
				<span class="btn-txt" data-bind="text: $data.CTA.text">Add to cart</span>
				<span class="loading-icon"></span>
			</button>
			<!-- /ko -->

			
			<!-- ko if: !$data.CTA.hasAvailableStatus && !!$data.CTA.text --><!-- /ko -->

			
			<!-- ko if: !$data.CTA.hasAvailableStatus && !$data.CTA.text --><!--/ko-->

			
			<!-- ko if: $data.CTA.hasAvailableStatus && !!$data.CTA.text  && $data.viewGrocery --><!-- /ko -->

		<!-- /ko -->

		<input type="hidden" data-bind="attr: { 'data-analytics-status-online': $data.selectedVariant.availability().statusOnline.status }" data-analytics-status-online="Available">
		<input type="hidden" data-bind="attr: { 'data-analytics-status-store': $data.selectedVariant.availability().statusStore.status }" data-analytics-status-store="">

	<!-- /ko -->
<!-- /ko --> <!-- /ko --> <!-- ko if : $root.findCartItemByRollupId('6000001843796') --><!-- /ko --> </div> </div> <input type="hidden" class="numSkus" value="1"> <input type="hidden" class="primary_parent_id" value="6000195507615"> <input type="hidden" class="categoryID" value="6000195507615"> <input type="hidden" class="displayTooltip" value="true"> <input type="hidden" class="productRollupID" value="6000001843796"> <input type="hidden" class="productID" value="10287613"> <input type="hidden" class="productSkus" value="{&quot;productid&quot;:&quot;10287613&quot;,&quot;skus&quot;:[[{&quot;skuid&quot;:&quot;10287613&quot;,&quot;minOrderQuantity&quot;:1,&quot;status&quot;:&quot;&quot;,&quot;eligibility_type&quot;:&quot;&quot;,&quot;date&quot;:&quot;&quot;,&quot;mfgr_sugd_rtl_amt&quot;:&quot;&quot;,&quot;price_comparison_qty&quot;:&quot;&quot;,&quot;price_comparison_unit&quot;:&quot;ML&quot;}]]}"> <input type="hidden" class="productQueryData" value="{&quot;6000001843796&quot;:[{&quot;sku&quot;:&quot;10287613&quot;,&quot;upc&quot;:[]}]}"> <input type="hidden" class="offerID" data-bind="attr: { value: $data.offerId }" value="10287613"> </div> </article>
<!-- /ko --> <!-- ko with: selectedVariant('6000001848203') -->
<article class="dynamic-cart-thumb stock-up-thumb product thumb-10287243 wgrid-2wAny" id="thumb-10287243" data-bind="css: { 'qty-toggle': $root.findCartItemByRollupId('6000001848203') }" data-rollup-id="6000001848203" data-automation="stock-up-thumb"> <div class="thumb-inner-wrap nutrition-enable nutrition-icon-enable"> <a class="product-link" data-bind="click: function() {$root.navigateToPip($data.availability().statusOnline.viewGroceryEligible &amp;&amp; $root.siteExperience() == 'gm', '/en/ip/yop-by-yoplait-strawberry-drinkable-yogurt/6000001848203')}, attr: {href: !($data.availability().statusOnline.viewGroceryEligible &amp;&amp; $root.siteExperience() == 'gm') ? '/en/ip/yop-by-yoplait-strawberry-drinkable-yogurt/6000001848203' : ''}" href="/en/ip/yop-by-yoplait-strawberry-drinkable-yogurt/6000001848203"> <div class="badge-container"> <!-- ko template: { name: 'product-badges', if: !!$data.badgesAnalytics(), data: { badges: badges, badgesAnalytics: badgesAnalytics, screenReaderHidden : true } } --><!-- /ko --> <!-- ko ifnot: $data.badgesAnalytics() --> <span class="badge"></span> <!-- /ko --> </div> <div aria-hidden="true" data-bind="template: { name: 'dynamic-thumb-qty-template', data: {item: $root.findCartItemByRollupId('6000001848203'), variants: 1 }}">

	<!--ko if: $data.item != null --><!-- /ko -->
</div> <div class="centered-img"> <div class="cmp-atc-thmb-wrp"> <span class="cmp-atc-thmb-state">✔</span><span class="cmp-atc-thmb-copy mobile-hide"></span> </div> <div class="centered-img-wrap"> <img alt="" class="image lazy-img" src="data:image/gif;base64,R0lGODlhAQABAIAAAAAAAP///yH5BAEAAAAALAAAAAABAAEAAAIBRAA7" data-original="//i5.walmartimages.ca/images/Thumbnails/183/627/6000202183627.jpg?odnBound=200" width="200" height="200"> </div> </div> <div class="product-details-container"> <div class="details"> <div class="title" aria-label="Yop by Yoplait Strawberry Drinkable Yogurt."> <h2 class="thumb-header">Yop by Yoplait Strawberry Drinkable Yogurt</h2> </div> <!-- ko template: { name: 'product-badges', if: !!$data.badgesAnalytics(), data: { badges: badges, badgesAnalytics: badgesAnalytics, screenReaderHidden : false } } --><!-- /ko --> <div class="only-for-screen-reader" data-bind="template: { name: 'dynamic-thumb-qty-template-only-for-screen-reader', data: {item: $root.findCartItemByRollupId('6000001848203'), variants: 1 }}">

	<!--ko if: $data.item != null --><!-- /ko -->
</div> <div class="description" aria-label="200 mL."> 200 mL </div> <div class="fade"></div> </div> <div class="ratings" data-automation="stock-up-ratings"> <div class="stars rating-5_0" aria-label="This product is rated 5 stars out of 5 stars," data-bind="template: { name: 'star-ratings' }">
	 <i class="star"></i>  <i class="star"></i>  <i class="star"></i>  <i class="star"></i>  <i class="star"></i> 
</div> <span class="review-count" aria-label="based on 2 reviews.">2 Reviews</span> <div class="fade"></div> </div> <div class="pricing-spacer" data-bind="component: { name: 'was-pricing', params: availability().pricing }"><div class="price-was" data-bind="html: wasPriceDisplay">Was <span><span>$</span>1.14</span></div><div class="price-cover"></div><div class="price-cover-percent"></div><div class="price-unit" data-bind="template: {name: &quot;price-per-unit-tooltip-template&quot;, data: pricePerUnit, afterRender: $root.initPricingPopup }">
	<a class="popup-opener popup-align-left price-unit-tooltip" data-title-headline="" data-title="This is a unit of measurement to help you compare the value of this item. Please know, this is not the price of the item itself." data-bind="text: $data, attr:{'aria-label' : '. Price is measured as ' + $data}" aria-label=". Price is measured as 39¢/100ml">39¢/100ml</a>
</div></div> <span class="all-price-sections"> <!-- ko ifnot: availability().pricing.mapPrice --> <div class="only-for-screen-reader" id="price">Price</div> <div class="price-current" data-bind="component: { name: 'current-pricing', params: { price: availability().pricing, simpleFormatting: true } }, css: { ranged: availability().pricing.ranged }"><div data-bind="possibleRangedCurrencyText: { data: price, simpleFormatting: simpleFormatting } ">78¢</div><div data-bind="template: {name: &quot;analytics-price-template&quot;, data: price, afterRender: $root.initVariableWeightPopup }">
	<span style="display:none;" data-analytics-type="product-price" class="product-price-analytics" data-analytics-value="0.78" data-bind="attr: { 'data-analytics-value': $data }">
	</span>
</div></div> <!-- /ko --> <!-- ko if: availability().pricing.mapPrice --><!-- /ko --> </span> </div> </a> <!-- ko if: true --> <div class="flyout-menu-trigger product-nutritionInfo" id="tooltip-6000001848203" aria-describedby="tooltip-desc-6000001848203" role="tooltip"> <button class="product-nutritionInfo-icon nutrition-icon-visible" aria-label="Nutritional Icon"></button> <div class="flyout-menu-wrap" analytics-trigger="analytics-ghs" analytics-data="ingredients" aria-expanded="false"> <button class="closeButton" aria-label="Nutritional Close"></button> <i class="arrow up"></i> <div class="flyout-menu-content"> <h3>Ingredients</h3> <div class="ingredients_content"> <p class="dietaryInfo" id="6000001848203"></p> </div> </div> </div> </div> <!-- /ko --> <div class="cart-qty-wrap"> <div class="floater"> <!-- ko ifnot : $root.findCartItemByRollupId('6000001848203') --> <!-- ko template: {
						name: 'a2c-or-next-order-button',
						data: {
							selectedVariant: $data,
							amendableOrder: $data.amendableOrder(),
							CTA: $data.CTA(),
							viewGrocery: $data.availability().statusOnline.viewGroceryEligible && $root.siteExperience() == "gm",
							detailUrl: "/en/ip/yop-by-yoplait-strawberry-drinkable-yogurt/6000001848203",
							trackingUrl: "",
							clickBeacon: ""
						}
					}
					-->
	<!-- ko if: $data.amendableOrder.allCallsAreSynchronized -->
		<!-- ko if: $data.amendableOrder.show --><!-- /ko -->

		<!-- ko ifnot: $data.amendableOrder.show -->

			
			<!-- ko if: $data.CTA.hasAvailableStatus && !!$data.CTA.text && !$data.viewGrocery -->
			<button class="button add-to-cart-btn limited-stock" data-bind="visible: $data.CTA.hasAvailableStatus, show: (!!$data.CTA.text), css: $data.CTA.status, attr: { 'data-click-tracking-url': $data.trackingUrl, 'data-click-beacon': $data.clickBeacon, 'aria-label': $data.CTA.status + ', ' + $data.CTA.text}" data-click-tracking-url="" data-click-beacon="" aria-label="limited-stock, Add to cart">
				<span class="ribbon-arrow" data-bind="html: $data.CTA.ribbonText, show: $data.CTA.ribbon">Limited Stock</span>
				<span class="btn-txt" data-bind="text: $data.CTA.text">Add to cart</span>
				<span class="loading-icon"></span>
			</button>
			<!-- /ko -->

			
			<!-- ko if: !$data.CTA.hasAvailableStatus && !!$data.CTA.text --><!-- /ko -->

			
			<!-- ko if: !$data.CTA.hasAvailableStatus && !$data.CTA.text --><!--/ko-->

			
			<!-- ko if: $data.CTA.hasAvailableStatus && !!$data.CTA.text  && $data.viewGrocery --><!-- /ko -->

		<!-- /ko -->

		<input type="hidden" data-bind="attr: { 'data-analytics-status-online': $data.selectedVariant.availability().statusOnline.status }" data-analytics-status-online="Available">
		<input type="hidden" data-bind="attr: { 'data-analytics-status-store': $data.selectedVariant.availability().statusStore.status }" data-analytics-status-store="">

	<!-- /ko -->
<!-- /ko --> <!-- /ko --> <!-- ko if : $root.findCartItemByRollupId('6000001848203') --><!-- /ko --> </div> </div> <input type="hidden" class="numSkus" value="1"> <input type="hidden" class="primary_parent_id" value="6000195507615"> <input type="hidden" class="categoryID" value="6000195507615"> <input type="hidden" class="displayTooltip" value="true"> <input type="hidden" class="productRollupID" value="6000001848203"> <input type="hidden" class="productID" value="10287243"> <input type="hidden" class="productSkus" value="{&quot;productid&quot;:&quot;10287243&quot;,&quot;skus&quot;:[[{&quot;skuid&quot;:&quot;10287243&quot;,&quot;minOrderQuantity&quot;:1,&quot;status&quot;:&quot;&quot;,&quot;eligibility_type&quot;:&quot;&quot;,&quot;date&quot;:&quot;&quot;,&quot;mfgr_sugd_rtl_amt&quot;:&quot;&quot;,&quot;price_comparison_qty&quot;:&quot;&quot;,&quot;price_comparison_unit&quot;:&quot;ML&quot;}]]}"> <input type="hidden" class="productQueryData" value="{&quot;6000001848203&quot;:[{&quot;sku&quot;:&quot;10287243&quot;,&quot;upc&quot;:[]}]}"> <input type="hidden" class="offerID" data-bind="attr: { value: $data.offerId }" value="10287243"> </div> </article>
<!-- /ko --> <!-- ko with: selectedVariant('6000100070546') -->
<article class="dynamic-cart-thumb stock-up-thumb product thumb-10220526 wgrid-2wAny" id="thumb-10220526" data-bind="css: { 'qty-toggle': $root.findCartItemByRollupId('6000100070546') }" data-rollup-id="6000100070546" data-automation="stock-up-thumb"> <div class="thumb-inner-wrap nutrition-enable nutrition-icon-enable"> <a class="product-link" data-bind="click: function() {$root.navigateToPip($data.availability().statusOnline.viewGroceryEligible &amp;&amp; $root.siteExperience() == 'gm', '/en/ip/natrel-lactose-free-2-dairy-product/6000100070546')}, attr: {href: !($data.availability().statusOnline.viewGroceryEligible &amp;&amp; $root.siteExperience() == 'gm') ? '/en/ip/natrel-lactose-free-2-dairy-product/6000100070546' : ''}" href="/en/ip/natrel-lactose-free-2-dairy-product/6000100070546"> <div class="badge-container"> <!-- ko template: { name: 'product-badges', if: !!$data.badgesAnalytics(), data: { badges: badges, badgesAnalytics: badgesAnalytics, screenReaderHidden : true } } --><!-- /ko --> <!-- ko ifnot: $data.badgesAnalytics() --> <span class="badge"></span> <!-- /ko --> </div> <div aria-hidden="true" data-bind="template: { name: 'dynamic-thumb-qty-template', data: {item: $root.findCartItemByRollupId('6000100070546'), variants: 1 }}">

	<!--ko if: $data.item != null --><!-- /ko -->
</div> <div class="centered-img"> <div class="cmp-atc-thmb-wrp"> <span class="cmp-atc-thmb-state">✔</span><span class="cmp-atc-thmb-copy mobile-hide"></span> </div> <div class="centered-img-wrap"> <img alt="" class="image lazy-img" src="data:image/gif;base64,R0lGODlhAQABAIAAAAAAAP///yH5BAEAAAAALAAAAAABAAEAAAIBRAA7" data-original="//i5.walmartimages.ca/images/Thumbnails/514/482/6000202514482.jpg?odnBound=200" width="200" height="200"> </div> </div> <div class="product-details-container"> <div class="details"> <div class="title" aria-label="Natrel Lactose Free 2% Dairy Product."> <h2 class="thumb-header">Natrel Lactose Free 2% Dairy Product</h2> </div> <!-- ko template: { name: 'product-badges', if: !!$data.badgesAnalytics(), data: { badges: badges, badgesAnalytics: badgesAnalytics, screenReaderHidden : false } } --><!-- /ko --> <div class="only-for-screen-reader" data-bind="template: { name: 'dynamic-thumb-qty-template-only-for-screen-reader', data: {item: $root.findCartItemByRollupId('6000100070546'), variants: 1 }}">

	<!--ko if: $data.item != null --><!-- /ko -->
</div> <div class="description" aria-label="2 L."> 2 L </div> <div class="fade"></div> </div> <div class="ratings" data-automation="stock-up-ratings"> <div class="stars rating-5_0" aria-label="This product is rated 5 stars out of 5 stars," data-bind="template: { name: 'star-ratings' }">
	 <i class="star"></i>  <i class="star"></i>  <i class="star"></i>  <i class="star"></i>  <i class="star"></i> 
</div> <span class="review-count" aria-label="based on 1 review.">1 Review</span> <div class="fade"></div> </div> <div class="pricing-spacer" data-bind="component: { name: 'was-pricing', params: availability().pricing }"><div class="price-was" data-bind="html: wasPriceDisplay"></div><div class="price-cover"></div><div class="price-cover-percent"></div><div class="price-unit" data-bind="template: {name: &quot;price-per-unit-tooltip-template&quot;, data: pricePerUnit, afterRender: $root.initPricingPopup }">
	<a class="popup-opener popup-align-left price-unit-tooltip" data-title-headline="" data-title="This is a unit of measurement to help you compare the value of this item. Please know, this is not the price of the item itself." data-bind="text: $data, attr:{'aria-label' : '. Price is measured as ' + $data}" aria-label=". Price is measured as 28¢/100ml">28¢/100ml</a>
</div></div> <span class="all-price-sections"> <!-- ko ifnot: availability().pricing.mapPrice --> <div class="only-for-screen-reader" id="price">Price</div> <div class="price-current" data-bind="component: { name: 'current-pricing', params: { price: availability().pricing, simpleFormatting: true } }, css: { ranged: availability().pricing.ranged }"><div data-bind="possibleRangedCurrencyText: { data: price, simpleFormatting: simpleFormatting } "><span>$</span>5.58</div><div data-bind="template: {name: &quot;analytics-price-template&quot;, data: price, afterRender: $root.initVariableWeightPopup }">
	<span style="display:none;" data-analytics-type="product-price" class="product-price-analytics" data-analytics-value="5.58" data-bind="attr: { 'data-analytics-value': $data }">
	</span>
</div></div> <!-- /ko --> <!-- ko if: availability().pricing.mapPrice --><!-- /ko --> </span> </div> </a> <!-- ko if: true --> <div class="flyout-menu-trigger product-nutritionInfo" id="tooltip-6000100070546" aria-describedby="tooltip-desc-6000100070546" role="tooltip"> <button class="product-nutritionInfo-icon nutrition-icon-visible" aria-label="Nutritional Icon"></button> <div class="flyout-menu-wrap" analytics-trigger="analytics-ghs" analytics-data="ingredients" aria-expanded="false"> <button class="closeButton" aria-label="Nutritional Close"></button> <i class="arrow up"></i> <div class="flyout-menu-content"> <h3>Ingredients</h3> <div class="ingredients_content"> <p class="dietaryInfo" id="6000100070546"></p> </div> </div> </div> </div> <!-- /ko --> <div class="cart-qty-wrap"> <div class="floater"> <!-- ko ifnot : $root.findCartItemByRollupId('6000100070546') --> <!-- ko template: {
						name: 'a2c-or-next-order-button',
						data: {
							selectedVariant: $data,
							amendableOrder: $data.amendableOrder(),
							CTA: $data.CTA(),
							viewGrocery: $data.availability().statusOnline.viewGroceryEligible && $root.siteExperience() == "gm",
							detailUrl: "/en/ip/natrel-lactose-free-2-dairy-product/6000100070546",
							trackingUrl: "",
							clickBeacon: ""
						}
					}
					-->
	<!-- ko if: $data.amendableOrder.allCallsAreSynchronized -->
		<!-- ko if: $data.amendableOrder.show --><!-- /ko -->

		<!-- ko ifnot: $data.amendableOrder.show -->

			
			<!-- ko if: $data.CTA.hasAvailableStatus && !!$data.CTA.text && !$data.viewGrocery -->
			<button class="button add-to-cart-btn limited-stock" data-bind="visible: $data.CTA.hasAvailableStatus, show: (!!$data.CTA.text), css: $data.CTA.status, attr: { 'data-click-tracking-url': $data.trackingUrl, 'data-click-beacon': $data.clickBeacon, 'aria-label': $data.CTA.status + ', ' + $data.CTA.text}" data-click-tracking-url="" data-click-beacon="" aria-label="limited-stock, Add to cart">
				<span class="ribbon-arrow" data-bind="html: $data.CTA.ribbonText, show: $data.CTA.ribbon">Limited Stock</span>
				<span class="btn-txt" data-bind="text: $data.CTA.text">Add to cart</span>
				<span class="loading-icon"></span>
			</button>
			<!-- /ko -->

			
			<!-- ko if: !$data.CTA.hasAvailableStatus && !!$data.CTA.text --><!-- /ko -->

			
			<!-- ko if: !$data.CTA.hasAvailableStatus && !$data.CTA.text --><!--/ko-->

			
			<!-- ko if: $data.CTA.hasAvailableStatus && !!$data.CTA.text  && $data.viewGrocery --><!-- /ko -->

		<!-- /ko -->

		<input type="hidden" data-bind="attr: { 'data-analytics-status-online': $data.selectedVariant.availability().statusOnline.status }" data-analytics-status-online="Available">
		<input type="hidden" data-bind="attr: { 'data-analytics-status-store': $data.selectedVariant.availability().statusStore.status }" data-analytics-status-store="">

	<!-- /ko -->
<!-- /ko --> <!-- /ko --> <!-- ko if : $root.findCartItemByRollupId('6000100070546') --><!-- /ko --> </div> </div> <input type="hidden" class="numSkus" value="1"> <input type="hidden" class="primary_parent_id" value="6000194349400"> <input type="hidden" class="categoryID" value="6000194349400"> <input type="hidden" class="displayTooltip" value="true"> <input type="hidden" class="productRollupID" value="6000100070546"> <input type="hidden" class="productID" value="10220526"> <input type="hidden" class="productSkus" value="{&quot;productid&quot;:&quot;10220526&quot;,&quot;skus&quot;:[[{&quot;skuid&quot;:&quot;10220526&quot;,&quot;minOrderQuantity&quot;:1,&quot;status&quot;:&quot;&quot;,&quot;eligibility_type&quot;:&quot;&quot;,&quot;date&quot;:&quot;&quot;,&quot;mfgr_sugd_rtl_amt&quot;:&quot;&quot;,&quot;price_comparison_qty&quot;:&quot;&quot;,&quot;price_comparison_unit&quot;:&quot;&quot;}]]}"> <input type="hidden" class="productQueryData" value="{&quot;6000100070546&quot;:[{&quot;sku&quot;:&quot;10220526&quot;,&quot;upc&quot;:[]}]}"> <input type="hidden" class="offerID" data-bind="attr: { value: $data.offerId }" value="10220526"> </div> </article>
<!-- /ko --> <!-- ko with: selectedVariant('6000194056994') -->
<article class="dynamic-cart-thumb stock-up-thumb product thumb-6000194056995 wgrid-2wAny marg-r-0" id="thumb-6000194056995" data-bind="css: { 'qty-toggle': $root.findCartItemByRollupId('6000194056994') }" data-rollup-id="6000194056994" data-automation="stock-up-thumb"> <div class="thumb-inner-wrap nutrition-enable nutrition-icon-enable"> <a class="product-link" data-bind="click: function() {$root.navigateToPip($data.availability().statusOnline.viewGroceryEligible &amp;&amp; $root.siteExperience() == 'gm', '/en/ip/philadelphia-original-cream-cheese/6000194056994')}, attr: {href: !($data.availability().statusOnline.viewGroceryEligible &amp;&amp; $root.siteExperience() == 'gm') ? '/en/ip/philadelphia-original-cream-cheese/6000194056994' : ''}" href="/en/ip/philadelphia-original-cream-cheese/6000194056994"> <div class="badge-container"> <!-- ko template: { name: 'product-badges', if: !!$data.badgesAnalytics(), data: { badges: badges, badgesAnalytics: badgesAnalytics, screenReaderHidden : true } } --><!-- /ko --> <!-- ko ifnot: $data.badgesAnalytics() --> <span class="badge"></span> <!-- /ko --> </div> <div aria-hidden="true" data-bind="template: { name: 'dynamic-thumb-qty-template', data: {item: $root.findCartItemByRollupId('6000194056994'), variants: 1 }}">

	<!--ko if: $data.item != null --><!-- /ko -->
</div> <div class="centered-img"> <div class="cmp-atc-thmb-wrp"> <span class="cmp-atc-thmb-state">✔</span><span class="cmp-atc-thmb-copy mobile-hide"></span> </div> <div class="centered-img-wrap"> <img alt="" class="image lazy-img" src="data:image/gif;base64,R0lGODlhAQABAIAAAAAAAP///yH5BAEAAAAALAAAAAABAAEAAAIBRAA7" data-original="//i5.walmartimages.ca/images/Thumbnails/g_3/40g/999999-68100896336-%20Philly_Orig_340g.jpg?odnBound=200" width="200" height="200"> </div> </div> <div class="product-details-container"> <div class="details"> <div class="title" aria-label="Philadelphia Original Cream Cheese."> <h2 class="thumb-header">Philadelphia Original Cream Cheese</h2> </div> <!-- ko template: { name: 'product-badges', if: !!$data.badgesAnalytics(), data: { badges: badges, badgesAnalytics: badgesAnalytics, screenReaderHidden : false } } --><!-- /ko --> <div class="only-for-screen-reader" data-bind="template: { name: 'dynamic-thumb-qty-template-only-for-screen-reader', data: {item: $root.findCartItemByRollupId('6000194056994'), variants: 1 }}">

	<!--ko if: $data.item != null --><!-- /ko -->
</div> <div class="description" aria-label="340g."> 340g </div> <div class="fade"></div> </div> <div class="ratings" data-automation="stock-up-ratings"> <div class="stars rating-5_0" aria-label="This product is rated 5 stars out of 5 stars," data-bind="template: { name: 'star-ratings' }">
	 <i class="star"></i>  <i class="star"></i>  <i class="star"></i>  <i class="star"></i>  <i class="star"></i> 
</div> <span class="review-count" aria-label="based on 1 review.">1 Review</span> <div class="fade"></div> </div> <div class="pricing-spacer" data-bind="component: { name: 'was-pricing', params: availability().pricing }"><div class="price-was" data-bind="html: wasPriceDisplay"></div><div class="price-cover"></div><div class="price-cover-percent"></div><div class="price-unit" data-bind="template: {name: &quot;price-per-unit-tooltip-template&quot;, data: pricePerUnit, afterRender: $root.initPricingPopup }">
	<a class="popup-opener popup-align-left price-unit-tooltip" data-title-headline="" data-title="This is a unit of measurement to help you compare the value of this item. Please know, this is not the price of the item itself." data-bind="text: $data, attr:{'aria-label' : '. Price is measured as ' + $data}" aria-label=". Price is measured as $1.46/100g">$1.46/100g</a>
</div></div> <span class="all-price-sections"> <!-- ko ifnot: availability().pricing.mapPrice --> <div class="only-for-screen-reader" id="price">Price</div> <div class="price-current" data-bind="component: { name: 'current-pricing', params: { price: availability().pricing, simpleFormatting: true } }, css: { ranged: availability().pricing.ranged }"><div data-bind="possibleRangedCurrencyText: { data: price, simpleFormatting: simpleFormatting } "><span>$</span>4.97</div><div data-bind="template: {name: &quot;analytics-price-template&quot;, data: price, afterRender: $root.initVariableWeightPopup }">
	<span style="display:none;" data-analytics-type="product-price" class="product-price-analytics" data-analytics-value="4.97" data-bind="attr: { 'data-analytics-value': $data }">
	</span>
</div></div> <!-- /ko --> <!-- ko if: availability().pricing.mapPrice --><!-- /ko --> </span> </div> </a> <!-- ko if: true --> <div class="flyout-menu-trigger product-nutritionInfo" id="tooltip-6000194056994" aria-describedby="tooltip-desc-6000194056994" role="tooltip"> <button class="product-nutritionInfo-icon nutrition-icon-visible" aria-label="Nutritional Icon"></button> <div class="flyout-menu-wrap" analytics-trigger="analytics-ghs" analytics-data="ingredients" aria-expanded="false"> <button class="closeButton" aria-label="Nutritional Close"></button> <i class="arrow up"></i> <div class="flyout-menu-content"> <h3>Ingredients</h3> <div class="ingredients_content"> <p class="dietaryInfo" id="6000194056994"></p> </div> </div> </div> </div> <!-- /ko --> <div class="cart-qty-wrap"> <div class="floater"> <!-- ko ifnot : $root.findCartItemByRollupId('6000194056994') --> <!-- ko template: {
						name: 'a2c-or-next-order-button',
						data: {
							selectedVariant: $data,
							amendableOrder: $data.amendableOrder(),
							CTA: $data.CTA(),
							viewGrocery: $data.availability().statusOnline.viewGroceryEligible && $root.siteExperience() == "gm",
							detailUrl: "/en/ip/philadelphia-original-cream-cheese/6000194056994",
							trackingUrl: "",
							clickBeacon: ""
						}
					}
					-->
	<!-- ko if: $data.amendableOrder.allCallsAreSynchronized -->
		<!-- ko if: $data.amendableOrder.show --><!-- /ko -->

		<!-- ko ifnot: $data.amendableOrder.show -->

			
			<!-- ko if: $data.CTA.hasAvailableStatus && !!$data.CTA.text && !$data.viewGrocery -->
			<button class="button add-to-cart-btn limited-stock" data-bind="visible: $data.CTA.hasAvailableStatus, show: (!!$data.CTA.text), css: $data.CTA.status, attr: { 'data-click-tracking-url': $data.trackingUrl, 'data-click-beacon': $data.clickBeacon, 'aria-label': $data.CTA.status + ', ' + $data.CTA.text}" data-click-tracking-url="" data-click-beacon="" aria-label="limited-stock, Add to cart">
				<span class="ribbon-arrow" data-bind="html: $data.CTA.ribbonText, show: $data.CTA.ribbon">Limited Stock</span>
				<span class="btn-txt" data-bind="text: $data.CTA.text">Add to cart</span>
				<span class="loading-icon"></span>
			</button>
			<!-- /ko -->

			
			<!-- ko if: !$data.CTA.hasAvailableStatus && !!$data.CTA.text --><!-- /ko -->

			
			<!-- ko if: !$data.CTA.hasAvailableStatus && !$data.CTA.text --><!--/ko-->

			
			<!-- ko if: $data.CTA.hasAvailableStatus && !!$data.CTA.text  && $data.viewGrocery --><!-- /ko -->

		<!-- /ko -->

		<input type="hidden" data-bind="attr: { 'data-analytics-status-online': $data.selectedVariant.availability().statusOnline.status }" data-analytics-status-online="Available">
		<input type="hidden" data-bind="attr: { 'data-analytics-status-store': $data.selectedVariant.availability().statusStore.status }" data-analytics-status-store="">

	<!-- /ko -->
<!-- /ko --> <!-- /ko --> <!-- ko if : $root.findCartItemByRollupId('6000194056994') --><!-- /ko --> </div> </div> <input type="hidden" class="numSkus" value="1"> <input type="hidden" class="primary_parent_id" value="6000188228272"> <input type="hidden" class="categoryID" value="6000188228272"> <input type="hidden" class="displayTooltip" value="true"> <input type="hidden" class="productRollupID" value="6000194056994"> <input type="hidden" class="productID" value="6000194056995"> <input type="hidden" class="productSkus" value="{&quot;productid&quot;:&quot;6000194056995&quot;,&quot;skus&quot;:[[{&quot;skuid&quot;:&quot;6000194056995&quot;,&quot;minOrderQuantity&quot;:1,&quot;status&quot;:&quot;&quot;,&quot;eligibility_type&quot;:&quot;&quot;,&quot;date&quot;:&quot;&quot;,&quot;mfgr_sugd_rtl_amt&quot;:&quot;&quot;,&quot;price_comparison_qty&quot;:&quot;&quot;,&quot;price_comparison_unit&quot;:&quot;GR&quot;}]]}"> <input type="hidden" class="productQueryData" value="{&quot;6000194056994&quot;:[{&quot;sku&quot;:&quot;6000194056995&quot;,&quot;upc&quot;:[]}]}"> <input type="hidden" class="offerID" data-bind="attr: { value: $data.offerId }" value="6000194056995"> </div> </article>
<!-- /ko --> <!-- ko with: selectedVariant('19177') -->
<div class="shelf-spacer"></div><article class="dynamic-cart-thumb stock-up-thumb product thumb-19178 wgrid-2wAny marg-l-0" id="thumb-19178" data-bind="css: { 'qty-toggle': $root.findCartItemByRollupId('19177') }" data-rollup-id="19177" data-automation="stock-up-thumb"> <div class="thumb-inner-wrap nutrition-enable nutrition-icon-enable"> <a class="product-link" data-bind="click: function() {$root.navigateToPip($data.availability().statusOnline.viewGroceryEligible &amp;&amp; $root.siteExperience() == 'gm', '/en/ip/kraft-grated-parmesan-cheese/19177')}, attr: {href: !($data.availability().statusOnline.viewGroceryEligible &amp;&amp; $root.siteExperience() == 'gm') ? '/en/ip/kraft-grated-parmesan-cheese/19177' : ''}" href="/en/ip/kraft-grated-parmesan-cheese/19177"> <div class="badge-container"> <!-- ko template: { name: 'product-badges', if: !!$data.badgesAnalytics(), data: { badges: badges, badgesAnalytics: badgesAnalytics, screenReaderHidden : true } } -->
	<div class="badges" data-analytics-type="badges" data-bind="{ attr: { 'data-analytics-value': $data.badgesAnalytics(), 'aria-hidden' : $data.screenReaderHidden }, css : {'only-for-screen-reader' : !$data.screenReaderHidden} }" data-analytics-value="Rollback" aria-hidden="true">
		<!-- ko foreach: { data: $data.badges, as: 'badge' } -->
			<!--ko ifnot: badge.isMultiSave -->
			<span class="badge" data-bind="text: badge.text, style: { color: badge.foregroundColor, background: badge.backgroundColor, border: badge.outlineColor }, attr: { id: badge.id, 'aria-label': 'On ' + badge.text + '.' }" id="Rollback" aria-label="On Rollback." style="color: rgb(255, 255, 255); background: rgb(234, 10, 42); border: 1px solid rgb(255, 255, 255);">Rollback</span>
			<!--/ko-->
		
			<!--ko if: badge.isMultiSave--><!--/ko-->
		
		<!--/ko-->
	</div>
<!-- /ko --> <!-- ko ifnot: $data.badgesAnalytics() --><!-- /ko --> </div> <div aria-hidden="true" data-bind="template: { name: 'dynamic-thumb-qty-template', data: {item: $root.findCartItemByRollupId('19177'), variants: 1 }}">

	<!--ko if: $data.item != null --><!-- /ko -->
</div> <div class="centered-img"> <div class="cmp-atc-thmb-wrp"> <span class="cmp-atc-thmb-state">✔</span><span class="cmp-atc-thmb-copy mobile-hide"></span> </div> <div class="centered-img-wrap"> <img alt="" class="image lazy-img" src="data:image/gif;base64,R0lGODlhAQABAIAAAAAAAP///yH5BAEAAAAALAAAAAABAAEAAAIBRAA7" data-original="//i5.walmartimages.ca/images/Thumbnails/004/533/999999-68100004533.jpg?odnBound=200" width="200" height="200"> </div> </div> <div class="product-details-container"> <div class="details"> <div class="title" aria-label="Kraft Grated Parmesan Cheese."> <h2 class="thumb-header">Kraft Grated Parmesan Cheese</h2> </div> <!-- ko template: { name: 'product-badges', if: !!$data.badgesAnalytics(), data: { badges: badges, badgesAnalytics: badgesAnalytics, screenReaderHidden : false } } -->
	<div class="badges only-for-screen-reader" data-analytics-type="badges" data-bind="{ attr: { 'data-analytics-value': $data.badgesAnalytics(), 'aria-hidden' : $data.screenReaderHidden }, css : {'only-for-screen-reader' : !$data.screenReaderHidden} }" data-analytics-value="Rollback">
		<!-- ko foreach: { data: $data.badges, as: 'badge' } -->
			<!--ko ifnot: badge.isMultiSave -->
			<span class="badge" data-bind="text: badge.text, style: { color: badge.foregroundColor, background: badge.backgroundColor, border: badge.outlineColor }, attr: { id: badge.id, 'aria-label': 'On ' + badge.text + '.' }" id="Rollback" aria-label="On Rollback." style="color: rgb(255, 255, 255); background: rgb(234, 10, 42); border: 1px solid rgb(255, 255, 255);">Rollback</span>
			<!--/ko-->
		
			<!--ko if: badge.isMultiSave--><!--/ko-->
		
		<!--/ko-->
	</div>
<!-- /ko --> <div class="only-for-screen-reader" data-bind="template: { name: 'dynamic-thumb-qty-template-only-for-screen-reader', data: {item: $root.findCartItemByRollupId('19177'), variants: 1 }}">

	<!--ko if: $data.item != null --><!-- /ko -->
</div> <div class="description" aria-label="250g."> 250g </div> <div class="fade"></div> </div> <div class="ratings" data-automation="stock-up-ratings"> <div class="stars rating-5_0" aria-label="This product is rated 5 stars out of 5 stars," data-bind="template: { name: 'star-ratings' }">
	 <i class="star"></i>  <i class="star"></i>  <i class="star"></i>  <i class="star"></i>  <i class="star"></i> 
</div> <span class="review-count" aria-label="based on 7 reviews.">7 Reviews</span> <div class="fade"></div> </div> <div class="pricing-spacer" data-bind="component: { name: 'was-pricing', params: availability().pricing }"><div class="price-was" data-bind="html: wasPriceDisplay">Was <span><span>$</span>7.47</span></div><div class="price-cover"></div><div class="price-cover-percent"></div><div class="price-unit" data-bind="template: {name: &quot;price-per-unit-tooltip-template&quot;, data: pricePerUnit, afterRender: $root.initPricingPopup }">
	<a class="popup-opener popup-align-left price-unit-tooltip" data-title-headline="" data-title="This is a unit of measurement to help you compare the value of this item. Please know, this is not the price of the item itself." data-bind="text: $data, attr:{'aria-label' : '. Price is measured as ' + $data}" aria-label=". Price is measured as $2.39/100g">$2.39/100g</a>
</div></div> <span class="all-price-sections"> <!-- ko ifnot: availability().pricing.mapPrice --> <div class="only-for-screen-reader" id="price">Price</div> <div class="price-current" data-bind="component: { name: 'current-pricing', params: { price: availability().pricing, simpleFormatting: true } }, css: { ranged: availability().pricing.ranged }"><div data-bind="possibleRangedCurrencyText: { data: price, simpleFormatting: simpleFormatting } "><span>$</span>5.97</div><div data-bind="template: {name: &quot;analytics-price-template&quot;, data: price, afterRender: $root.initVariableWeightPopup }">
	<span style="display:none;" data-analytics-type="product-price" class="product-price-analytics" data-analytics-value="5.97" data-bind="attr: { 'data-analytics-value': $data }">
	</span>
</div></div> <!-- /ko --> <!-- ko if: availability().pricing.mapPrice --><!-- /ko --> </span> </div> </a> <!-- ko if: true --> <div class="flyout-menu-trigger product-nutritionInfo" id="tooltip-19177" aria-describedby="tooltip-desc-19177" role="tooltip"> <button class="product-nutritionInfo-icon nutrition-icon-visible" aria-label="Nutritional Icon"></button> <div class="flyout-menu-wrap" analytics-trigger="analytics-ghs" analytics-data="ingredients" aria-expanded="false"> <button class="closeButton" aria-label="Nutritional Close"></button> <i class="arrow up"></i> <div class="flyout-menu-content"> <h3>Ingredients</h3> <div class="ingredients_content"> <p class="dietaryInfo" id="19177"></p> </div> </div> </div> </div> <!-- /ko --> <div class="cart-qty-wrap"> <div class="floater"> <!-- ko ifnot : $root.findCartItemByRollupId('19177') --> <!-- ko template: {
						name: 'a2c-or-next-order-button',
						data: {
							selectedVariant: $data,
							amendableOrder: $data.amendableOrder(),
							CTA: $data.CTA(),
							viewGrocery: $data.availability().statusOnline.viewGroceryEligible && $root.siteExperience() == "gm",
							detailUrl: "/en/ip/kraft-grated-parmesan-cheese/19177",
							trackingUrl: "",
							clickBeacon: ""
						}
					}
					-->
	<!-- ko if: $data.amendableOrder.allCallsAreSynchronized -->
		<!-- ko if: $data.amendableOrder.show --><!-- /ko -->

		<!-- ko ifnot: $data.amendableOrder.show -->

			
			<!-- ko if: $data.CTA.hasAvailableStatus && !!$data.CTA.text && !$data.viewGrocery -->
			<button class="button add-to-cart-btn limited-stock" data-bind="visible: $data.CTA.hasAvailableStatus, show: (!!$data.CTA.text), css: $data.CTA.status, attr: { 'data-click-tracking-url': $data.trackingUrl, 'data-click-beacon': $data.clickBeacon, 'aria-label': $data.CTA.status + ', ' + $data.CTA.text}" data-click-tracking-url="" data-click-beacon="" aria-label="limited-stock, Add to cart">
				<span class="ribbon-arrow" data-bind="html: $data.CTA.ribbonText, show: $data.CTA.ribbon">Limited Stock</span>
				<span class="btn-txt" data-bind="text: $data.CTA.text">Add to cart</span>
				<span class="loading-icon"></span>
			</button>
			<!-- /ko -->

			
			<!-- ko if: !$data.CTA.hasAvailableStatus && !!$data.CTA.text --><!-- /ko -->

			
			<!-- ko if: !$data.CTA.hasAvailableStatus && !$data.CTA.text --><!--/ko-->

			
			<!-- ko if: $data.CTA.hasAvailableStatus && !!$data.CTA.text  && $data.viewGrocery --><!-- /ko -->

		<!-- /ko -->

		<input type="hidden" data-bind="attr: { 'data-analytics-status-online': $data.selectedVariant.availability().statusOnline.status }" data-analytics-status-online="Available">
		<input type="hidden" data-bind="attr: { 'data-analytics-status-store': $data.selectedVariant.availability().statusStore.status }" data-analytics-status-store="">

	<!-- /ko -->
<!-- /ko --> <!-- /ko --> <!-- ko if : $root.findCartItemByRollupId('19177') --><!-- /ko --> </div> </div> <input type="hidden" class="numSkus" value="1"> <input type="hidden" class="primary_parent_id" value="6000194349393"> <input type="hidden" class="categoryID" value="6000194349393"> <input type="hidden" class="displayTooltip" value="true"> <input type="hidden" class="productRollupID" value="19177"> <input type="hidden" class="productID" value="19178"> <input type="hidden" class="productSkus" value="{&quot;productid&quot;:&quot;19178&quot;,&quot;skus&quot;:[[{&quot;skuid&quot;:&quot;19178&quot;,&quot;minOrderQuantity&quot;:1,&quot;status&quot;:&quot;&quot;,&quot;eligibility_type&quot;:&quot;&quot;,&quot;date&quot;:&quot;&quot;,&quot;mfgr_sugd_rtl_amt&quot;:&quot;&quot;,&quot;price_comparison_qty&quot;:&quot;&quot;,&quot;price_comparison_unit&quot;:&quot;GR&quot;}]]}"> <input type="hidden" class="productQueryData" value="{&quot;19177&quot;:[{&quot;sku&quot;:&quot;19178&quot;,&quot;upc&quot;:[]}]}"> <input type="hidden" class="offerID" data-bind="attr: { value: $data.offerId }" value="19178"> </div> </article>
<!-- /ko --> <!-- ko with: selectedVariant('6000196823232') -->
<article class="dynamic-cart-thumb stock-up-thumb product thumb-6000196823233 wgrid-2wAny" id="thumb-6000196823233" data-bind="css: { 'qty-toggle': $root.findCartItemByRollupId('6000196823232') }" data-rollup-id="6000196823232" data-automation="stock-up-thumb"> <div class="thumb-inner-wrap nutrition-enable nutrition-icon-enable"> <a class="product-link" data-bind="click: function() {$root.navigateToPip($data.availability().statusOnline.viewGroceryEligible &amp;&amp; $root.siteExperience() == 'gm', '/en/ip/sparks-extra-large-white-eggs/6000196823232')}, attr: {href: !($data.availability().statusOnline.viewGroceryEligible &amp;&amp; $root.siteExperience() == 'gm') ? '/en/ip/sparks-extra-large-white-eggs/6000196823232' : ''}" href="/en/ip/sparks-extra-large-white-eggs/6000196823232"> <div class="badge-container"> <!-- ko template: { name: 'product-badges', if: !!$data.badgesAnalytics(), data: { badges: badges, badgesAnalytics: badgesAnalytics, screenReaderHidden : true } } --><!-- /ko --> <!-- ko ifnot: $data.badgesAnalytics() --> <span class="badge"></span> <!-- /ko --> </div> <div aria-hidden="true" data-bind="template: { name: 'dynamic-thumb-qty-template', data: {item: $root.findCartItemByRollupId('6000196823232'), variants: 1 }}">

	<!--ko if: $data.item != null --><!-- /ko -->
</div> <div class="centered-img"> <div class="cmp-atc-thmb-wrp"> <span class="cmp-atc-thmb-state">✔</span><span class="cmp-atc-thmb-copy mobile-hide"></span> </div> <div class="centered-img-wrap"> <img alt="" class="image lazy-img" src="data:image/gif;base64,R0lGODlhAQABAIAAAAAAAP///yH5BAEAAAAALAAAAAABAAEAAAIBRAA7" data-original="//i5.walmartimages.ca/images/Thumbnails/009/503/999999-68258009503.jpg?odnBound=200" width="200" height="200"> </div> </div> <div class="product-details-container"> <div class="details"> <div class="title" aria-label="Sparks Extra Large White Eggs."> <h2 class="thumb-header">Sparks Extra Large White Eggs</h2> </div> <!-- ko template: { name: 'product-badges', if: !!$data.badgesAnalytics(), data: { badges: badges, badgesAnalytics: badgesAnalytics, screenReaderHidden : false } } --><!-- /ko --> <div class="only-for-screen-reader" data-bind="template: { name: 'dynamic-thumb-qty-template-only-for-screen-reader', data: {item: $root.findCartItemByRollupId('6000196823232'), variants: 1 }}">

	<!--ko if: $data.item != null --><!-- /ko -->
</div> <div class="description" aria-label="18 Count."> 18 Count </div> <div class="fade"></div> </div> <div class="ratings" data-automation="stock-up-ratings"> <div class="stars rating-5_0" aria-label="This product is rated 5 stars out of 5 stars," data-bind="template: { name: 'star-ratings' }">
	 <i class="star"></i>  <i class="star"></i>  <i class="star"></i>  <i class="star"></i>  <i class="star"></i> 
</div> <span class="review-count" aria-label="based on 1 review.">1 Review</span> <div class="fade"></div> </div> <div class="pricing-spacer" data-bind="component: { name: 'was-pricing', params: availability().pricing }"><div class="price-was" data-bind="html: wasPriceDisplay"></div><div class="price-cover"></div><div class="price-cover-percent"></div><div class="price-unit" data-bind="template: {name: &quot;price-per-unit-tooltip-template&quot;, data: pricePerUnit, afterRender: $root.initPricingPopup }">
	<a class="popup-opener popup-align-left price-unit-tooltip" data-title-headline="" data-title="This is a unit of measurement to help you compare the value of this item. Please know, this is not the price of the item itself." data-bind="text: $data, attr:{'aria-label' : '. Price is measured as ' + $data}" aria-label=". Price is measured as 28¢/each">28¢/each</a>
</div></div> <span class="all-price-sections"> <!-- ko ifnot: availability().pricing.mapPrice --> <div class="only-for-screen-reader" id="price">Price</div> <div class="price-current" data-bind="component: { name: 'current-pricing', params: { price: availability().pricing, simpleFormatting: true } }, css: { ranged: availability().pricing.ranged }"><div data-bind="possibleRangedCurrencyText: { data: price, simpleFormatting: simpleFormatting } "><span>$</span>5.02</div><div data-bind="template: {name: &quot;analytics-price-template&quot;, data: price, afterRender: $root.initVariableWeightPopup }">
	<span style="display:none;" data-analytics-type="product-price" class="product-price-analytics" data-analytics-value="5.02" data-bind="attr: { 'data-analytics-value': $data }">
	</span>
</div></div> <!-- /ko --> <!-- ko if: availability().pricing.mapPrice --><!-- /ko --> </span> </div> </a> <!-- ko if: true --> <div class="flyout-menu-trigger product-nutritionInfo" id="tooltip-6000196823232" aria-describedby="tooltip-desc-6000196823232" role="tooltip"> <button class="product-nutritionInfo-icon nutrition-icon-visible" aria-label="Nutritional Icon"></button> <div class="flyout-menu-wrap" analytics-trigger="analytics-ghs" analytics-data="ingredients" aria-expanded="false"> <button class="closeButton" aria-label="Nutritional Close"></button> <i class="arrow up"></i> <div class="flyout-menu-content"> <h3>Ingredients</h3> <div class="ingredients_content"> <p class="dietaryInfo" id="6000196823232"></p> </div> </div> </div> </div> <!-- /ko --> <div class="cart-qty-wrap"> <div class="floater"> <!-- ko ifnot : $root.findCartItemByRollupId('6000196823232') --> <!-- ko template: {
						name: 'a2c-or-next-order-button',
						data: {
							selectedVariant: $data,
							amendableOrder: $data.amendableOrder(),
							CTA: $data.CTA(),
							viewGrocery: $data.availability().statusOnline.viewGroceryEligible && $root.siteExperience() == "gm",
							detailUrl: "/en/ip/sparks-extra-large-white-eggs/6000196823232",
							trackingUrl: "",
							clickBeacon: ""
						}
					}
					-->
	<!-- ko if: $data.amendableOrder.allCallsAreSynchronized -->
		<!-- ko if: $data.amendableOrder.show --><!-- /ko -->

		<!-- ko ifnot: $data.amendableOrder.show -->

			
			<!-- ko if: $data.CTA.hasAvailableStatus && !!$data.CTA.text && !$data.viewGrocery -->
			<button class="button add-to-cart-btn limited-stock" data-bind="visible: $data.CTA.hasAvailableStatus, show: (!!$data.CTA.text), css: $data.CTA.status, attr: { 'data-click-tracking-url': $data.trackingUrl, 'data-click-beacon': $data.clickBeacon, 'aria-label': $data.CTA.status + ', ' + $data.CTA.text}" data-click-tracking-url="" data-click-beacon="" aria-label="limited-stock, Add to cart">
				<span class="ribbon-arrow" data-bind="html: $data.CTA.ribbonText, show: $data.CTA.ribbon">Limited Stock</span>
				<span class="btn-txt" data-bind="text: $data.CTA.text">Add to cart</span>
				<span class="loading-icon"></span>
			</button>
			<!-- /ko -->

			
			<!-- ko if: !$data.CTA.hasAvailableStatus && !!$data.CTA.text --><!-- /ko -->

			
			<!-- ko if: !$data.CTA.hasAvailableStatus && !$data.CTA.text --><!--/ko-->

			
			<!-- ko if: $data.CTA.hasAvailableStatus && !!$data.CTA.text  && $data.viewGrocery --><!-- /ko -->

		<!-- /ko -->

		<input type="hidden" data-bind="attr: { 'data-analytics-status-online': $data.selectedVariant.availability().statusOnline.status }" data-analytics-status-online="Available">
		<input type="hidden" data-bind="attr: { 'data-analytics-status-store': $data.selectedVariant.availability().statusStore.status }" data-analytics-status-store="">

	<!-- /ko -->
<!-- /ko --> <!-- /ko --> <!-- ko if : $root.findCartItemByRollupId('6000196823232') --><!-- /ko --> </div> </div> <input type="hidden" class="numSkus" value="1"> <input type="hidden" class="primary_parent_id" value="6000194327389"> <input type="hidden" class="categoryID" value="6000194327389"> <input type="hidden" class="displayTooltip" value="true"> <input type="hidden" class="productRollupID" value="6000196823232"> <input type="hidden" class="productID" value="6000196823233"> <input type="hidden" class="productSkus" value="{&quot;productid&quot;:&quot;6000196823233&quot;,&quot;skus&quot;:[[{&quot;skuid&quot;:&quot;6000196823233&quot;,&quot;minOrderQuantity&quot;:1,&quot;status&quot;:&quot;&quot;,&quot;eligibility_type&quot;:&quot;&quot;,&quot;date&quot;:&quot;&quot;,&quot;mfgr_sugd_rtl_amt&quot;:&quot;&quot;,&quot;price_comparison_qty&quot;:&quot;&quot;,&quot;price_comparison_unit&quot;:&quot;EA&quot;}]]}"> <input type="hidden" class="productQueryData" value="{&quot;6000196823232&quot;:[{&quot;sku&quot;:&quot;6000196823233&quot;,&quot;upc&quot;:[]}]}"> <input type="hidden" class="offerID" data-bind="attr: { value: $data.offerId }" value="6000196823233"> </div> </article>
<!-- /ko --> <!-- ko with: selectedVariant('6000001843483') -->
<article class="dynamic-cart-thumb stock-up-thumb product thumb-10287035 wgrid-2wAny" id="thumb-10287035" data-bind="css: { 'qty-toggle': $root.findCartItemByRollupId('6000001843483') }" data-rollup-id="6000001843483" data-automation="stock-up-thumb"> <div class="thumb-inner-wrap nutrition-enable nutrition-icon-enable"> <a class="product-link" data-bind="click: function() {$root.navigateToPip($data.availability().statusOnline.viewGroceryEligible &amp;&amp; $root.siteExperience() == 'gm', '/en/ip/yoplait-source-vanilla-yogurt/6000001843483')}, attr: {href: !($data.availability().statusOnline.viewGroceryEligible &amp;&amp; $root.siteExperience() == 'gm') ? '/en/ip/yoplait-source-vanilla-yogurt/6000001843483' : ''}" href="/en/ip/yoplait-source-vanilla-yogurt/6000001843483"> <div class="badge-container"> <!-- ko template: { name: 'product-badges', if: !!$data.badgesAnalytics(), data: { badges: badges, badgesAnalytics: badgesAnalytics, screenReaderHidden : true } } --><!-- /ko --> <!-- ko ifnot: $data.badgesAnalytics() --> <span class="badge"></span> <!-- /ko --> </div> <div aria-hidden="true" data-bind="template: { name: 'dynamic-thumb-qty-template', data: {item: $root.findCartItemByRollupId('6000001843483'), variants: 1 }}">

	<!--ko if: $data.item != null --><!-- /ko -->
</div> <div class="centered-img"> <div class="cmp-atc-thmb-wrp"> <span class="cmp-atc-thmb-state">✔</span><span class="cmp-atc-thmb-copy mobile-hide"></span> </div> <div class="centered-img-wrap"> <img alt="" class="image lazy-img" src="data:image/gif;base64,R0lGODlhAQABAIAAAAAAAP///yH5BAEAAAAALAAAAAABAAEAAAIBRAA7" data-original="//i5.walmartimages.ca/images/Thumbnails/711/261/6000201711261.jpg?odnBound=200" width="200" height="200"> </div> </div> <div class="product-details-container"> <div class="details"> <div class="title" aria-label="Yoplait Source Vanilla Yogurt."> <h2 class="thumb-header">Yoplait Source Vanilla Yogurt</h2> </div> <!-- ko template: { name: 'product-badges', if: !!$data.badgesAnalytics(), data: { badges: badges, badgesAnalytics: badgesAnalytics, screenReaderHidden : false } } --><!-- /ko --> <div class="only-for-screen-reader" data-bind="template: { name: 'dynamic-thumb-qty-template-only-for-screen-reader', data: {item: $root.findCartItemByRollupId('6000001843483'), variants: 1 }}">

	<!--ko if: $data.item != null --><!-- /ko -->
</div> <div class="description" aria-label="650 g."> 650 g </div> <div class="fade"></div> </div> <div class="ratings" data-automation="stock-up-ratings"> <div class="stars rating-4_0" aria-label="This product is rated 4 stars out of 5 stars," data-bind="template: { name: 'star-ratings' }">
	 <i class="star"></i>  <i class="star"></i>  <i class="star"></i>  <i class="star"></i>  <i class="star"></i> 
</div> <span class="review-count" aria-label="based on 1 review.">1 Review</span> <div class="fade"></div> </div> <div class="pricing-spacer" data-bind="component: { name: 'was-pricing', params: availability().pricing }"><div class="price-was" data-bind="html: wasPriceDisplay"></div><div class="price-cover"></div><div class="price-cover-percent"></div><div class="price-unit" data-bind="template: {name: &quot;price-per-unit-tooltip-template&quot;, data: pricePerUnit, afterRender: $root.initPricingPopup }">
	<a class="popup-opener popup-align-left price-unit-tooltip" data-title-headline="" data-title="This is a unit of measurement to help you compare the value of this item. Please know, this is not the price of the item itself." data-bind="text: $data, attr:{'aria-label' : '. Price is measured as ' + $data}" aria-label=". Price is measured as 43¢/100g">43¢/100g</a>
</div></div> <span class="all-price-sections"> <!-- ko ifnot: availability().pricing.mapPrice --> <div class="only-for-screen-reader" id="price">Price</div> <div class="price-current" data-bind="component: { name: 'current-pricing', params: { price: availability().pricing, simpleFormatting: true } }, css: { ranged: availability().pricing.ranged }"><div data-bind="possibleRangedCurrencyText: { data: price, simpleFormatting: simpleFormatting } "><span>$</span>2.77</div><div data-bind="template: {name: &quot;analytics-price-template&quot;, data: price, afterRender: $root.initVariableWeightPopup }">
	<span style="display:none;" data-analytics-type="product-price" class="product-price-analytics" data-analytics-value="2.77" data-bind="attr: { 'data-analytics-value': $data }">
	</span>
</div></div> <!-- /ko --> <!-- ko if: availability().pricing.mapPrice --><!-- /ko --> </span> </div> </a> <!-- ko if: true --> <div class="flyout-menu-trigger product-nutritionInfo" id="tooltip-6000001843483" aria-describedby="tooltip-desc-6000001843483" role="tooltip"> <button class="product-nutritionInfo-icon nutrition-icon-visible" aria-label="Nutritional Icon"></button> <div class="flyout-menu-wrap" analytics-trigger="analytics-ghs" analytics-data="ingredients" aria-expanded="false"> <button class="closeButton" aria-label="Nutritional Close"></button> <i class="arrow up"></i> <div class="flyout-menu-content"> <h3>Ingredients</h3> <div class="ingredients_content"> <p class="dietaryInfo" id="6000001843483"></p> </div> </div> </div> </div> <!-- /ko --> <div class="cart-qty-wrap"> <div class="floater"> <!-- ko ifnot : $root.findCartItemByRollupId('6000001843483') --> <!-- ko template: {
						name: 'a2c-or-next-order-button',
						data: {
							selectedVariant: $data,
							amendableOrder: $data.amendableOrder(),
							CTA: $data.CTA(),
							viewGrocery: $data.availability().statusOnline.viewGroceryEligible && $root.siteExperience() == "gm",
							detailUrl: "/en/ip/yoplait-source-vanilla-yogurt/6000001843483",
							trackingUrl: "",
							clickBeacon: ""
						}
					}
					-->
	<!-- ko if: $data.amendableOrder.allCallsAreSynchronized -->
		<!-- ko if: $data.amendableOrder.show --><!-- /ko -->

		<!-- ko ifnot: $data.amendableOrder.show -->

			
			<!-- ko if: $data.CTA.hasAvailableStatus && !!$data.CTA.text && !$data.viewGrocery -->
			<button class="button add-to-cart-btn limited-stock" data-bind="visible: $data.CTA.hasAvailableStatus, show: (!!$data.CTA.text), css: $data.CTA.status, attr: { 'data-click-tracking-url': $data.trackingUrl, 'data-click-beacon': $data.clickBeacon, 'aria-label': $data.CTA.status + ', ' + $data.CTA.text}" data-click-tracking-url="" data-click-beacon="" aria-label="limited-stock, Add to cart">
				<span class="ribbon-arrow" data-bind="html: $data.CTA.ribbonText, show: $data.CTA.ribbon">Limited Stock</span>
				<span class="btn-txt" data-bind="text: $data.CTA.text">Add to cart</span>
				<span class="loading-icon"></span>
			</button>
			<!-- /ko -->

			
			<!-- ko if: !$data.CTA.hasAvailableStatus && !!$data.CTA.text --><!-- /ko -->

			
			<!-- ko if: !$data.CTA.hasAvailableStatus && !$data.CTA.text --><!--/ko-->

			
			<!-- ko if: $data.CTA.hasAvailableStatus && !!$data.CTA.text  && $data.viewGrocery --><!-- /ko -->

		<!-- /ko -->

		<input type="hidden" data-bind="attr: { 'data-analytics-status-online': $data.selectedVariant.availability().statusOnline.status }" data-analytics-status-online="Available">
		<input type="hidden" data-bind="attr: { 'data-analytics-status-store': $data.selectedVariant.availability().statusStore.status }" data-analytics-status-store="">

	<!-- /ko -->
<!-- /ko --> <!-- /ko --> <!-- ko if : $root.findCartItemByRollupId('6000001843483') --><!-- /ko --> </div> </div> <input type="hidden" class="numSkus" value="1"> <input type="hidden" class="primary_parent_id" value="6000195507613"> <input type="hidden" class="categoryID" value="6000195507613"> <input type="hidden" class="displayTooltip" value="true"> <input type="hidden" class="productRollupID" value="6000001843483"> <input type="hidden" class="productID" value="10287035"> <input type="hidden" class="productSkus" value="{&quot;productid&quot;:&quot;10287035&quot;,&quot;skus&quot;:[[{&quot;skuid&quot;:&quot;10287035&quot;,&quot;minOrderQuantity&quot;:1,&quot;status&quot;:&quot;&quot;,&quot;eligibility_type&quot;:&quot;&quot;,&quot;date&quot;:&quot;&quot;,&quot;mfgr_sugd_rtl_amt&quot;:&quot;&quot;,&quot;price_comparison_qty&quot;:&quot;&quot;,&quot;price_comparison_unit&quot;:&quot;GR&quot;}]]}"> <input type="hidden" class="productQueryData" value="{&quot;6000001843483&quot;:[{&quot;sku&quot;:&quot;10287035&quot;,&quot;upc&quot;:[]}]}"> <input type="hidden" class="offerID" data-bind="attr: { value: $data.offerId }" value="10287035"> </div> </article>
<!-- /ko --> <!-- ko with: selectedVariant('6000137479821') -->
<article class="dynamic-cart-thumb stock-up-thumb product thumb-10287650 wgrid-2wAny marg-r-0" id="thumb-10287650" data-bind="css: { 'qty-toggle': $root.findCartItemByRollupId('6000137479821') }" data-rollup-id="6000137479821" data-automation="stock-up-thumb"> <div class="thumb-inner-wrap nutrition-enable nutrition-icon-enable"> <a class="product-link" data-bind="click: function() {$root.navigateToPip($data.availability().statusOnline.viewGroceryEligible &amp;&amp; $root.siteExperience() == 'gm', '/en/ip/yop-by-yoplait-peach-drinkable-yogurt/6000137479821')}, attr: {href: !($data.availability().statusOnline.viewGroceryEligible &amp;&amp; $root.siteExperience() == 'gm') ? '/en/ip/yop-by-yoplait-peach-drinkable-yogurt/6000137479821' : ''}" href="/en/ip/yop-by-yoplait-peach-drinkable-yogurt/6000137479821"> <div class="badge-container"> <!-- ko template: { name: 'product-badges', if: !!$data.badgesAnalytics(), data: { badges: badges, badgesAnalytics: badgesAnalytics, screenReaderHidden : true } } --><!-- /ko --> <!-- ko ifnot: $data.badgesAnalytics() --> <span class="badge"></span> <!-- /ko --> </div> <div aria-hidden="true" data-bind="template: { name: 'dynamic-thumb-qty-template', data: {item: $root.findCartItemByRollupId('6000137479821'), variants: 1 }}">

	<!--ko if: $data.item != null --><!-- /ko -->
</div> <div class="centered-img"> <div class="cmp-atc-thmb-wrp"> <span class="cmp-atc-thmb-state">✔</span><span class="cmp-atc-thmb-copy mobile-hide"></span> </div> <div class="centered-img-wrap"> <img alt="" class="image lazy-img" src="data:image/gif;base64,R0lGODlhAQABAIAAAAAAAP///yH5BAEAAAAALAAAAAABAAEAAAIBRAA7" data-original="//i5.walmartimages.ca/images/Thumbnails/709/437/6000201709437.jpg?odnBound=200" width="200" height="200"> </div> </div> <div class="product-details-container"> <div class="details"> <div class="title" aria-label="Yop by Yoplait Peach Drinkable Yogurt."> <h2 class="thumb-header">Yop by Yoplait Peach Drinkable Yogurt</h2> </div> <!-- ko template: { name: 'product-badges', if: !!$data.badgesAnalytics(), data: { badges: badges, badgesAnalytics: badgesAnalytics, screenReaderHidden : false } } --><!-- /ko --> <div class="only-for-screen-reader" data-bind="template: { name: 'dynamic-thumb-qty-template-only-for-screen-reader', data: {item: $root.findCartItemByRollupId('6000137479821'), variants: 1 }}">

	<!--ko if: $data.item != null --><!-- /ko -->
</div> <div class="description" aria-label="200 mL."> 200 mL </div> <div class="fade"></div> </div> <div class="ratings" data-automation="stock-up-ratings"> <div class="stars rating-0_0" aria-label="This product has not been rated." data-bind="template: { name: 'star-ratings' }">
	 <i class="star"></i>  <i class="star"></i>  <i class="star"></i>  <i class="star"></i>  <i class="star"></i> 
</div> <span class="review-count" aria-label="This product hasn’t been reviewed.">0 Reviews</span> <div class="fade"></div> </div> <div class="pricing-spacer" data-bind="component: { name: 'was-pricing', params: availability().pricing }"><div class="price-was" data-bind="html: wasPriceDisplay">Was <span><span>$</span>1.14</span></div><div class="price-cover"></div><div class="price-cover-percent"></div><div class="price-unit" data-bind="template: {name: &quot;price-per-unit-tooltip-template&quot;, data: pricePerUnit, afterRender: $root.initPricingPopup }">
	<a class="popup-opener popup-align-left price-unit-tooltip" data-title-headline="" data-title="This is a unit of measurement to help you compare the value of this item. Please know, this is not the price of the item itself." data-bind="text: $data, attr:{'aria-label' : '. Price is measured as ' + $data}" aria-label=". Price is measured as 39¢/100ml">39¢/100ml</a>
</div></div> <span class="all-price-sections"> <!-- ko ifnot: availability().pricing.mapPrice --> <div class="only-for-screen-reader" id="price">Price</div> <div class="price-current" data-bind="component: { name: 'current-pricing', params: { price: availability().pricing, simpleFormatting: true } }, css: { ranged: availability().pricing.ranged }"><div data-bind="possibleRangedCurrencyText: { data: price, simpleFormatting: simpleFormatting } ">78¢</div><div data-bind="template: {name: &quot;analytics-price-template&quot;, data: price, afterRender: $root.initVariableWeightPopup }">
	<span style="display:none;" data-analytics-type="product-price" class="product-price-analytics" data-analytics-value="0.78" data-bind="attr: { 'data-analytics-value': $data }">
	</span>
</div></div> <!-- /ko --> <!-- ko if: availability().pricing.mapPrice --><!-- /ko --> </span> </div> </a> <!-- ko if: true --> <div class="flyout-menu-trigger product-nutritionInfo" id="tooltip-6000137479821" aria-describedby="tooltip-desc-6000137479821" role="tooltip"> <button class="product-nutritionInfo-icon nutrition-icon-visible" aria-label="Nutritional Icon"></button> <div class="flyout-menu-wrap" analytics-trigger="analytics-ghs" analytics-data="ingredients" aria-expanded="false"> <button class="closeButton" aria-label="Nutritional Close"></button> <i class="arrow up"></i> <div class="flyout-menu-content"> <h3>Ingredients</h3> <div class="ingredients_content"> <p class="dietaryInfo" id="6000137479821"></p> </div> </div> </div> </div> <!-- /ko --> <div class="cart-qty-wrap"> <div class="floater"> <!-- ko ifnot : $root.findCartItemByRollupId('6000137479821') --> <!-- ko template: {
						name: 'a2c-or-next-order-button',
						data: {
							selectedVariant: $data,
							amendableOrder: $data.amendableOrder(),
							CTA: $data.CTA(),
							viewGrocery: $data.availability().statusOnline.viewGroceryEligible && $root.siteExperience() == "gm",
							detailUrl: "/en/ip/yop-by-yoplait-peach-drinkable-yogurt/6000137479821",
							trackingUrl: "",
							clickBeacon: ""
						}
					}
					-->
	<!-- ko if: $data.amendableOrder.allCallsAreSynchronized -->
		<!-- ko if: $data.amendableOrder.show --><!-- /ko -->

		<!-- ko ifnot: $data.amendableOrder.show -->

			
			<!-- ko if: $data.CTA.hasAvailableStatus && !!$data.CTA.text && !$data.viewGrocery -->
			<button class="button add-to-cart-btn limited-stock" data-bind="visible: $data.CTA.hasAvailableStatus, show: (!!$data.CTA.text), css: $data.CTA.status, attr: { 'data-click-tracking-url': $data.trackingUrl, 'data-click-beacon': $data.clickBeacon, 'aria-label': $data.CTA.status + ', ' + $data.CTA.text}" data-click-tracking-url="" data-click-beacon="" aria-label="limited-stock, Add to cart">
				<span class="ribbon-arrow" data-bind="html: $data.CTA.ribbonText, show: $data.CTA.ribbon">Limited Stock</span>
				<span class="btn-txt" data-bind="text: $data.CTA.text">Add to cart</span>
				<span class="loading-icon"></span>
			</button>
			<!-- /ko -->

			
			<!-- ko if: !$data.CTA.hasAvailableStatus && !!$data.CTA.text --><!-- /ko -->

			
			<!-- ko if: !$data.CTA.hasAvailableStatus && !$data.CTA.text --><!--/ko-->

			
			<!-- ko if: $data.CTA.hasAvailableStatus && !!$data.CTA.text  && $data.viewGrocery --><!-- /ko -->

		<!-- /ko -->

		<input type="hidden" data-bind="attr: { 'data-analytics-status-online': $data.selectedVariant.availability().statusOnline.status }" data-analytics-status-online="Available">
		<input type="hidden" data-bind="attr: { 'data-analytics-status-store': $data.selectedVariant.availability().statusStore.status }" data-analytics-status-store="">

	<!-- /ko -->
<!-- /ko --> <!-- /ko --> <!-- ko if : $root.findCartItemByRollupId('6000137479821') --><!-- /ko --> </div> </div> <input type="hidden" class="numSkus" value="1"> <input type="hidden" class="primary_parent_id" value="6000195507615"> <input type="hidden" class="categoryID" value="6000195507615"> <input type="hidden" class="displayTooltip" value="true"> <input type="hidden" class="productRollupID" value="6000137479821"> <input type="hidden" class="productID" value="10287650"> <input type="hidden" class="productSkus" value="{&quot;productid&quot;:&quot;10287650&quot;,&quot;skus&quot;:[[{&quot;skuid&quot;:&quot;10287650&quot;,&quot;minOrderQuantity&quot;:1,&quot;status&quot;:&quot;&quot;,&quot;eligibility_type&quot;:&quot;&quot;,&quot;date&quot;:&quot;&quot;,&quot;mfgr_sugd_rtl_amt&quot;:&quot;&quot;,&quot;price_comparison_qty&quot;:&quot;&quot;,&quot;price_comparison_unit&quot;:&quot;ML&quot;}]]}"> <input type="hidden" class="productQueryData" value="{&quot;6000137479821&quot;:[{&quot;sku&quot;:&quot;10287650&quot;,&quot;upc&quot;:[]}]}"> <input type="hidden" class="offerID" data-bind="attr: { value: $data.offerId }" value="10287650"> </div> </article>
<!-- /ko --> <!-- ko with: selectedVariant('6000201233923') -->
<div class="shelf-spacer"></div><article class="dynamic-cart-thumb stock-up-thumb product thumb-6000201233924 wgrid-2wAny marg-l-0" id="thumb-6000201233924" data-bind="css: { 'qty-toggle': $root.findCartItemByRollupId('6000201233923') }" data-rollup-id="6000201233923" data-automation="stock-up-thumb"> <div class="thumb-inner-wrap nutrition-enable nutrition-icon-enable"> <a class="product-link" data-bind="click: function() {$root.navigateToPip($data.availability().statusOnline.viewGroceryEligible &amp;&amp; $root.siteExperience() == 'gm', '/en/ip/black-diamond-bars-marble-400g/6000201233923')}, attr: {href: !($data.availability().statusOnline.viewGroceryEligible &amp;&amp; $root.siteExperience() == 'gm') ? '/en/ip/black-diamond-bars-marble-400g/6000201233923' : ''}" href="/en/ip/black-diamond-bars-marble-400g/6000201233923"> <div class="badge-container"> <!-- ko template: { name: 'product-badges', if: !!$data.badgesAnalytics(), data: { badges: badges, badgesAnalytics: badgesAnalytics, screenReaderHidden : true } } --><!-- /ko --> <!-- ko ifnot: $data.badgesAnalytics() --> <span class="badge"></span> <!-- /ko --> </div> <div aria-hidden="true" data-bind="template: { name: 'dynamic-thumb-qty-template', data: {item: $root.findCartItemByRollupId('6000201233923'), variants: 1 }}">

	<!--ko if: $data.item != null --><!-- /ko -->
</div> <div class="centered-img"> <div class="cmp-atc-thmb-wrp"> <span class="cmp-atc-thmb-state">✔</span><span class="cmp-atc-thmb-copy mobile-hide"></span> </div> <div class="centered-img-wrap"> <img alt="" class="image lazy-img" src="data:image/gif;base64,R0lGODlhAQABAIAAAAAAAP///yH5BAEAAAAALAAAAAABAAEAAAIBRAA7" data-original="//i5.walmartimages.ca/images/Thumbnails/310/391/6000201310391.jpg?odnBound=200" width="200" height="200"> </div> </div> <div class="product-details-container"> <div class="details"> <div class="title" aria-label="Black Diamond Bars Marble 400g."> <h2 class="thumb-header">Black Diamond Bars Marble 400g</h2> </div> <!-- ko template: { name: 'product-badges', if: !!$data.badgesAnalytics(), data: { badges: badges, badgesAnalytics: badgesAnalytics, screenReaderHidden : false } } --><!-- /ko --> <div class="only-for-screen-reader" data-bind="template: { name: 'dynamic-thumb-qty-template-only-for-screen-reader', data: {item: $root.findCartItemByRollupId('6000201233923'), variants: 1 }}">

	<!--ko if: $data.item != null --><!-- /ko -->
</div> <div class="description" aria-label="BD MARBLE 400G."> BD MARBLE 400G </div> <div class="fade"></div> </div> <div class="ratings" data-automation="stock-up-ratings"> <div class="stars rating-0_0" aria-label="This product has not been rated." data-bind="template: { name: 'star-ratings' }">
	 <i class="star"></i>  <i class="star"></i>  <i class="star"></i>  <i class="star"></i>  <i class="star"></i> 
</div> <span class="review-count" aria-label="This product hasn’t been reviewed.">0 Reviews</span> <div class="fade"></div> </div> <div class="pricing-spacer" data-bind="component: { name: 'was-pricing', params: availability().pricing }"><div class="price-was" data-bind="html: wasPriceDisplay"></div><div class="price-cover"></div><div class="price-cover-percent"></div><div class="price-unit" data-bind="template: {name: &quot;price-per-unit-tooltip-template&quot;, data: pricePerUnit, afterRender: $root.initPricingPopup }">
	<a class="popup-opener popup-align-left price-unit-tooltip" data-title-headline="" data-title="This is a unit of measurement to help you compare the value of this item. Please know, this is not the price of the item itself." data-bind="text: $data, attr:{'aria-label' : '. Price is measured as ' + $data}" aria-label=". Price is measured as $1.62/100g">$1.62/100g</a>
</div></div> <span class="all-price-sections"> <!-- ko ifnot: availability().pricing.mapPrice --> <div class="only-for-screen-reader" id="price">Price</div> <div class="price-current" data-bind="component: { name: 'current-pricing', params: { price: availability().pricing, simpleFormatting: true } }, css: { ranged: availability().pricing.ranged }"><div data-bind="possibleRangedCurrencyText: { data: price, simpleFormatting: simpleFormatting } "><span>$</span>6.47</div><div data-bind="template: {name: &quot;analytics-price-template&quot;, data: price, afterRender: $root.initVariableWeightPopup }">
	<span style="display:none;" data-analytics-type="product-price" class="product-price-analytics" data-analytics-value="6.47" data-bind="attr: { 'data-analytics-value': $data }">
	</span>
</div></div> <!-- /ko --> <!-- ko if: availability().pricing.mapPrice --><!-- /ko --> </span> </div> </a> <!-- ko if: true --> <div class="flyout-menu-trigger product-nutritionInfo" id="tooltip-6000201233923" aria-describedby="tooltip-desc-6000201233923" role="tooltip"> <button class="product-nutritionInfo-icon nutrition-icon-visible" aria-label="Nutritional Icon"></button> <div class="flyout-menu-wrap" analytics-trigger="analytics-ghs" analytics-data="ingredients" aria-expanded="false"> <button class="closeButton" aria-label="Nutritional Close"></button> <i class="arrow up"></i> <div class="flyout-menu-content"> <h3>Ingredients</h3> <div class="ingredients_content"> <p class="dietaryInfo" id="6000201233923"></p> </div> </div> </div> </div> <!-- /ko --> <div class="cart-qty-wrap"> <div class="floater"> <!-- ko ifnot : $root.findCartItemByRollupId('6000201233923') --> <!-- ko template: {
						name: 'a2c-or-next-order-button',
						data: {
							selectedVariant: $data,
							amendableOrder: $data.amendableOrder(),
							CTA: $data.CTA(),
							viewGrocery: $data.availability().statusOnline.viewGroceryEligible && $root.siteExperience() == "gm",
							detailUrl: "/en/ip/black-diamond-bars-marble-400g/6000201233923",
							trackingUrl: "",
							clickBeacon: ""
						}
					}
					-->
	<!-- ko if: $data.amendableOrder.allCallsAreSynchronized -->
		<!-- ko if: $data.amendableOrder.show --><!-- /ko -->

		<!-- ko ifnot: $data.amendableOrder.show -->

			
			<!-- ko if: $data.CTA.hasAvailableStatus && !!$data.CTA.text && !$data.viewGrocery -->
			<button class="button add-to-cart-btn limited-stock" data-bind="visible: $data.CTA.hasAvailableStatus, show: (!!$data.CTA.text), css: $data.CTA.status, attr: { 'data-click-tracking-url': $data.trackingUrl, 'data-click-beacon': $data.clickBeacon, 'aria-label': $data.CTA.status + ', ' + $data.CTA.text}" data-click-tracking-url="" data-click-beacon="" aria-label="limited-stock, Add to cart">
				<span class="ribbon-arrow" data-bind="html: $data.CTA.ribbonText, show: $data.CTA.ribbon">Limited Stock</span>
				<span class="btn-txt" data-bind="text: $data.CTA.text">Add to cart</span>
				<span class="loading-icon"></span>
			</button>
			<!-- /ko -->

			
			<!-- ko if: !$data.CTA.hasAvailableStatus && !!$data.CTA.text --><!-- /ko -->

			
			<!-- ko if: !$data.CTA.hasAvailableStatus && !$data.CTA.text --><!--/ko-->

			
			<!-- ko if: $data.CTA.hasAvailableStatus && !!$data.CTA.text  && $data.viewGrocery --><!-- /ko -->

		<!-- /ko -->

		<input type="hidden" data-bind="attr: { 'data-analytics-status-online': $data.selectedVariant.availability().statusOnline.status }" data-analytics-status-online="Available">
		<input type="hidden" data-bind="attr: { 'data-analytics-status-store': $data.selectedVariant.availability().statusStore.status }" data-analytics-status-store="">

	<!-- /ko -->
<!-- /ko --> <!-- /ko --> <!-- ko if : $root.findCartItemByRollupId('6000201233923') --><!-- /ko --> </div> </div> <input type="hidden" class="numSkus" value="1"> <input type="hidden" class="primary_parent_id" value="6000194349390"> <input type="hidden" class="categoryID" value="6000194349390"> <input type="hidden" class="displayTooltip" value="true"> <input type="hidden" class="productRollupID" value="6000201233923"> <input type="hidden" class="productID" value="6000201233924"> <input type="hidden" class="productSkus" value="{&quot;productid&quot;:&quot;6000201233924&quot;,&quot;skus&quot;:[[{&quot;skuid&quot;:&quot;6000201233924&quot;,&quot;minOrderQuantity&quot;:1,&quot;status&quot;:&quot;&quot;,&quot;eligibility_type&quot;:&quot;&quot;,&quot;date&quot;:&quot;&quot;,&quot;mfgr_sugd_rtl_amt&quot;:&quot;&quot;,&quot;price_comparison_qty&quot;:&quot;&quot;,&quot;price_comparison_unit&quot;:&quot;GR&quot;}]]}"> <input type="hidden" class="productQueryData" value="{&quot;6000201233923&quot;:[{&quot;sku&quot;:&quot;6000201233924&quot;,&quot;upc&quot;:[]}]}"> <input type="hidden" class="offerID" data-bind="attr: { value: $data.offerId }" value="6000201233924"> </div> </article>
<!-- /ko --> <!-- ko with: selectedVariant('6000075688907') -->
<article class="dynamic-cart-thumb stock-up-thumb product thumb-10183748 wgrid-2wAny" id="thumb-10183748" data-bind="css: { 'qty-toggle': $root.findCartItemByRollupId('6000075688907') }" data-rollup-id="6000075688907" data-automation="stock-up-thumb"> <div class="thumb-inner-wrap nutrition-enable nutrition-icon-enable"> <a class="product-link" data-bind="click: function() {$root.navigateToPip($data.availability().statusOnline.viewGroceryEligible &amp;&amp; $root.siteExperience() == 'gm', '/en/ip/dairyland-2-partly-skimmed-milk/6000075688907')}, attr: {href: !($data.availability().statusOnline.viewGroceryEligible &amp;&amp; $root.siteExperience() == 'gm') ? '/en/ip/dairyland-2-partly-skimmed-milk/6000075688907' : ''}" href="/en/ip/dairyland-2-partly-skimmed-milk/6000075688907"> <div class="badge-container"> <!-- ko template: { name: 'product-badges', if: !!$data.badgesAnalytics(), data: { badges: badges, badgesAnalytics: badgesAnalytics, screenReaderHidden : true } } --><!-- /ko --> <!-- ko ifnot: $data.badgesAnalytics() --> <span class="badge"></span> <!-- /ko --> </div> <div aria-hidden="true" data-bind="template: { name: 'dynamic-thumb-qty-template', data: {item: $root.findCartItemByRollupId('6000075688907'), variants: 1 }}">

	<!--ko if: $data.item != null --><!-- /ko -->
</div> <div class="centered-img"> <div class="cmp-atc-thmb-wrp"> <span class="cmp-atc-thmb-state">✔</span><span class="cmp-atc-thmb-copy mobile-hide"></span> </div> <div class="centered-img-wrap"> <img alt="" class="image lazy-img" src="data:image/gif;base64,R0lGODlhAQABAIAAAAAAAP///yH5BAEAAAAALAAAAAABAAEAAAIBRAA7" data-original="//i5.walmartimages.ca/images/Thumbnails/190/905/190905.jpg?odnBound=200" width="200" height="200"> </div> </div> <div class="product-details-container"> <div class="details"> <div class="title" aria-label="Dairyland 2% Partly Skimmed Milk."> <h2 class="thumb-header">Dairyland 2% Partly Skimmed Milk</h2> </div> <!-- ko template: { name: 'product-badges', if: !!$data.badgesAnalytics(), data: { badges: badges, badgesAnalytics: badgesAnalytics, screenReaderHidden : false } } --><!-- /ko --> <div class="only-for-screen-reader" data-bind="template: { name: 'dynamic-thumb-qty-template-only-for-screen-reader', data: {item: $root.findCartItemByRollupId('6000075688907'), variants: 1 }}">

	<!--ko if: $data.item != null --><!-- /ko -->
</div> <div class="description" aria-label="1 L."> 1 L </div> <div class="fade"></div> </div> <div class="ratings" data-automation="stock-up-ratings"> <div class="stars rating-0_0" aria-label="This product has not been rated." data-bind="template: { name: 'star-ratings' }">
	 <i class="star"></i>  <i class="star"></i>  <i class="star"></i>  <i class="star"></i>  <i class="star"></i> 
</div> <span class="review-count" aria-label="This product hasn’t been reviewed.">0 Reviews</span> <div class="fade"></div> </div> <div class="pricing-spacer" data-bind="component: { name: 'was-pricing', params: availability().pricing }"><div class="price-was" data-bind="html: wasPriceDisplay"></div><div class="price-cover"></div><div class="price-cover-percent"></div><div class="price-unit" data-bind="template: {name: &quot;price-per-unit-tooltip-template&quot;, data: pricePerUnit, afterRender: $root.initPricingPopup }">
	<a class="popup-opener popup-align-left price-unit-tooltip" data-title-headline="" data-title="This is a unit of measurement to help you compare the value of this item. Please know, this is not the price of the item itself." data-bind="text: $data, attr:{'aria-label' : '. Price is measured as ' + $data}" aria-label=". Price is measured as 24¢/100ml">24¢/100ml</a>
</div></div> <span class="all-price-sections"> <!-- ko ifnot: availability().pricing.mapPrice --> <div class="only-for-screen-reader" id="price">Price</div> <div class="price-current" data-bind="component: { name: 'current-pricing', params: { price: availability().pricing, simpleFormatting: true } }, css: { ranged: availability().pricing.ranged }"><div data-bind="possibleRangedCurrencyText: { data: price, simpleFormatting: simpleFormatting } "><span>$</span>2.37</div><div data-bind="template: {name: &quot;analytics-price-template&quot;, data: price, afterRender: $root.initVariableWeightPopup }">
	<span style="display:none;" data-analytics-type="product-price" class="product-price-analytics" data-analytics-value="2.37" data-bind="attr: { 'data-analytics-value': $data }">
	</span>
</div></div> <!-- /ko --> <!-- ko if: availability().pricing.mapPrice --><!-- /ko --> </span> </div> </a> <!-- ko if: true --> <div class="flyout-menu-trigger product-nutritionInfo" id="tooltip-6000075688907" aria-describedby="tooltip-desc-6000075688907" role="tooltip"> <button class="product-nutritionInfo-icon nutrition-icon-visible" aria-label="Nutritional Icon"></button> <div class="flyout-menu-wrap" analytics-trigger="analytics-ghs" analytics-data="ingredients" aria-expanded="false"> <button class="closeButton" aria-label="Nutritional Close"></button> <i class="arrow up"></i> <div class="flyout-menu-content"> <h3>Ingredients</h3> <div class="ingredients_content"> <p class="dietaryInfo" id="6000075688907"></p> </div> </div> </div> </div> <!-- /ko --> <div class="cart-qty-wrap"> <div class="floater"> <!-- ko ifnot : $root.findCartItemByRollupId('6000075688907') --> <!-- ko template: {
						name: 'a2c-or-next-order-button',
						data: {
							selectedVariant: $data,
							amendableOrder: $data.amendableOrder(),
							CTA: $data.CTA(),
							viewGrocery: $data.availability().statusOnline.viewGroceryEligible && $root.siteExperience() == "gm",
							detailUrl: "/en/ip/dairyland-2-partly-skimmed-milk/6000075688907",
							trackingUrl: "",
							clickBeacon: ""
						}
					}
					-->
	<!-- ko if: $data.amendableOrder.allCallsAreSynchronized -->
		<!-- ko if: $data.amendableOrder.show --><!-- /ko -->

		<!-- ko ifnot: $data.amendableOrder.show -->

			
			<!-- ko if: $data.CTA.hasAvailableStatus && !!$data.CTA.text && !$data.viewGrocery -->
			<button class="button add-to-cart-btn limited-stock" data-bind="visible: $data.CTA.hasAvailableStatus, show: (!!$data.CTA.text), css: $data.CTA.status, attr: { 'data-click-tracking-url': $data.trackingUrl, 'data-click-beacon': $data.clickBeacon, 'aria-label': $data.CTA.status + ', ' + $data.CTA.text}" data-click-tracking-url="" data-click-beacon="" aria-label="limited-stock, Add to cart">
				<span class="ribbon-arrow" data-bind="html: $data.CTA.ribbonText, show: $data.CTA.ribbon">Limited Stock</span>
				<span class="btn-txt" data-bind="text: $data.CTA.text">Add to cart</span>
				<span class="loading-icon"></span>
			</button>
			<!-- /ko -->

			
			<!-- ko if: !$data.CTA.hasAvailableStatus && !!$data.CTA.text --><!-- /ko -->

			
			<!-- ko if: !$data.CTA.hasAvailableStatus && !$data.CTA.text --><!--/ko-->

			
			<!-- ko if: $data.CTA.hasAvailableStatus && !!$data.CTA.text  && $data.viewGrocery --><!-- /ko -->

		<!-- /ko -->

		<input type="hidden" data-bind="attr: { 'data-analytics-status-online': $data.selectedVariant.availability().statusOnline.status }" data-analytics-status-online="Available">
		<input type="hidden" data-bind="attr: { 'data-analytics-status-store': $data.selectedVariant.availability().statusStore.status }" data-analytics-status-store="">

	<!-- /ko -->
<!-- /ko --> <!-- /ko --> <!-- ko if : $root.findCartItemByRollupId('6000075688907') --><!-- /ko --> </div> </div> <input type="hidden" class="numSkus" value="1"> <input type="hidden" class="primary_parent_id" value="6000194349400"> <input type="hidden" class="categoryID" value="6000194349400"> <input type="hidden" class="displayTooltip" value="true"> <input type="hidden" class="productRollupID" value="6000075688907"> <input type="hidden" class="productID" value="10183748"> <input type="hidden" class="productSkus" value="{&quot;productid&quot;:&quot;10183748&quot;,&quot;skus&quot;:[[{&quot;skuid&quot;:&quot;10183748&quot;,&quot;minOrderQuantity&quot;:1,&quot;status&quot;:&quot;&quot;,&quot;eligibility_type&quot;:&quot;&quot;,&quot;date&quot;:&quot;&quot;,&quot;mfgr_sugd_rtl_amt&quot;:&quot;&quot;,&quot;price_comparison_qty&quot;:&quot;&quot;,&quot;price_comparison_unit&quot;:&quot;&quot;}]]}"> <input type="hidden" class="productQueryData" value="{&quot;6000075688907&quot;:[{&quot;sku&quot;:&quot;10183748&quot;,&quot;upc&quot;:[]}]}"> <input type="hidden" class="offerID" data-bind="attr: { value: $data.offerId }" value="10183748"> </div> </article>
<!-- /ko --> <!-- ko with: selectedVariant('6000201080227') -->
<article class="dynamic-cart-thumb stock-up-thumb product thumb-6000201080228 wgrid-2wAny" id="thumb-6000201080228" data-bind="css: { 'qty-toggle': $root.findCartItemByRollupId('6000201080227') }" data-rollup-id="6000201080227" data-automation="stock-up-thumb"> <div class="thumb-inner-wrap nutrition-enable nutrition-icon-enable"> <a class="product-link" data-bind="click: function() {$root.navigateToPip($data.availability().statusOnline.viewGroceryEligible &amp;&amp; $root.siteExperience() == 'gm', '/en/ip/black-diamond-thick-slice-14/6000201080227')}, attr: {href: !($data.availability().statusOnline.viewGroceryEligible &amp;&amp; $root.siteExperience() == 'gm') ? '/en/ip/black-diamond-thick-slice-14/6000201080227' : ''}" href="/en/ip/black-diamond-thick-slice-14/6000201080227"> <div class="badge-container"> <!-- ko template: { name: 'product-badges', if: !!$data.badgesAnalytics(), data: { badges: badges, badgesAnalytics: badgesAnalytics, screenReaderHidden : true } } --><!-- /ko --> <!-- ko ifnot: $data.badgesAnalytics() --> <span class="badge"></span> <!-- /ko --> </div> <div aria-hidden="true" data-bind="template: { name: 'dynamic-thumb-qty-template', data: {item: $root.findCartItemByRollupId('6000201080227'), variants: 1 }}">

	<!--ko if: $data.item != null --><!-- /ko -->
</div> <div class="centered-img"> <div class="cmp-atc-thmb-wrp"> <span class="cmp-atc-thmb-state">✔</span><span class="cmp-atc-thmb-copy mobile-hide"></span> </div> <div class="centered-img-wrap"> <img alt="" class="image lazy-img" src="data:image/gif;base64,R0lGODlhAQABAIAAAAAAAP///yH5BAEAAAAALAAAAAABAAEAAAIBRAA7" data-original="//i5.walmartimages.ca/images/Thumbnails/310/830/6000201310830.jpg?odnBound=200" width="200" height="200"> </div> </div> <div class="product-details-container"> <div class="details"> <div class="title" aria-label="Black Diamond Thick Slice 14."> <h2 class="thumb-header">Black Diamond Thick Slice 14</h2> </div> <!-- ko template: { name: 'product-badges', if: !!$data.badgesAnalytics(), data: { badges: badges, badgesAnalytics: badgesAnalytics, screenReaderHidden : false } } --><!-- /ko --> <div class="only-for-screen-reader" data-bind="template: { name: 'dynamic-thumb-qty-template-only-for-screen-reader', data: {item: $root.findCartItemByRollupId('6000201080227'), variants: 1 }}">

	<!--ko if: $data.item != null --><!-- /ko -->
</div> <div class="description" aria-label="BD CHSE THICK SLC 14."> BD CHSE THICK SLC 14 </div> <div class="fade"></div> </div> <div class="ratings" data-automation="stock-up-ratings"> <div class="stars rating-0_0" aria-label="This product has not been rated." data-bind="template: { name: 'star-ratings' }">
	 <i class="star"></i>  <i class="star"></i>  <i class="star"></i>  <i class="star"></i>  <i class="star"></i> 
</div> <span class="review-count" aria-label="This product hasn’t been reviewed.">0 Reviews</span> <div class="fade"></div> </div> <div class="pricing-spacer" data-bind="component: { name: 'was-pricing', params: availability().pricing }"><div class="price-was" data-bind="html: wasPriceDisplay"></div><div class="price-cover"></div><div class="price-cover-percent"></div><div class="price-unit" data-bind="template: {name: &quot;price-per-unit-tooltip-template&quot;, data: pricePerUnit, afterRender: $root.initPricingPopup }">
	<a class="popup-opener popup-align-left price-unit-tooltip" data-title-headline="" data-title="This is a unit of measurement to help you compare the value of this item. Please know, this is not the price of the item itself." data-bind="text: $data, attr:{'aria-label' : '. Price is measured as ' + $data}" aria-label=". Price is measured as 85¢/100g">85¢/100g</a>
</div></div> <span class="all-price-sections"> <!-- ko ifnot: availability().pricing.mapPrice --> <div class="only-for-screen-reader" id="price">Price</div> <div class="price-current" data-bind="component: { name: 'current-pricing', params: { price: availability().pricing, simpleFormatting: true } }, css: { ranged: availability().pricing.ranged }"><div data-bind="possibleRangedCurrencyText: { data: price, simpleFormatting: simpleFormatting } "><span>$</span>3.47</div><div data-bind="template: {name: &quot;analytics-price-template&quot;, data: price, afterRender: $root.initVariableWeightPopup }">
	<span style="display:none;" data-analytics-type="product-price" class="product-price-analytics" data-analytics-value="3.47" data-bind="attr: { 'data-analytics-value': $data }">
	</span>
</div></div> <!-- /ko --> <!-- ko if: availability().pricing.mapPrice --><!-- /ko --> </span> </div> </a> <!-- ko if: true --> <div class="flyout-menu-trigger product-nutritionInfo" id="tooltip-6000201080227" aria-describedby="tooltip-desc-6000201080227" role="tooltip"> <button class="product-nutritionInfo-icon nutrition-icon-visible" aria-label="Nutritional Icon"></button> <div class="flyout-menu-wrap" analytics-trigger="analytics-ghs" analytics-data="ingredients" aria-expanded="false"> <button class="closeButton" aria-label="Nutritional Close"></button> <i class="arrow up"></i> <div class="flyout-menu-content"> <h3>Ingredients</h3> <div class="ingredients_content"> <p class="dietaryInfo" id="6000201080227"></p> </div> </div> </div> </div> <!-- /ko --> <div class="cart-qty-wrap"> <div class="floater"> <!-- ko ifnot : $root.findCartItemByRollupId('6000201080227') --> <!-- ko template: {
						name: 'a2c-or-next-order-button',
						data: {
							selectedVariant: $data,
							amendableOrder: $data.amendableOrder(),
							CTA: $data.CTA(),
							viewGrocery: $data.availability().statusOnline.viewGroceryEligible && $root.siteExperience() == "gm",
							detailUrl: "/en/ip/black-diamond-thick-slice-14/6000201080227",
							trackingUrl: "",
							clickBeacon: ""
						}
					}
					-->
	<!-- ko if: $data.amendableOrder.allCallsAreSynchronized -->
		<!-- ko if: $data.amendableOrder.show --><!-- /ko -->

		<!-- ko ifnot: $data.amendableOrder.show -->

			
			<!-- ko if: $data.CTA.hasAvailableStatus && !!$data.CTA.text && !$data.viewGrocery -->
			<button class="button add-to-cart-btn limited-stock" data-bind="visible: $data.CTA.hasAvailableStatus, show: (!!$data.CTA.text), css: $data.CTA.status, attr: { 'data-click-tracking-url': $data.trackingUrl, 'data-click-beacon': $data.clickBeacon, 'aria-label': $data.CTA.status + ', ' + $data.CTA.text}" data-click-tracking-url="" data-click-beacon="" aria-label="limited-stock, Add to cart">
				<span class="ribbon-arrow" data-bind="html: $data.CTA.ribbonText, show: $data.CTA.ribbon">Limited Stock</span>
				<span class="btn-txt" data-bind="text: $data.CTA.text">Add to cart</span>
				<span class="loading-icon"></span>
			</button>
			<!-- /ko -->

			
			<!-- ko if: !$data.CTA.hasAvailableStatus && !!$data.CTA.text --><!-- /ko -->

			
			<!-- ko if: !$data.CTA.hasAvailableStatus && !$data.CTA.text --><!--/ko-->

			
			<!-- ko if: $data.CTA.hasAvailableStatus && !!$data.CTA.text  && $data.viewGrocery --><!-- /ko -->

		<!-- /ko -->

		<input type="hidden" data-bind="attr: { 'data-analytics-status-online': $data.selectedVariant.availability().statusOnline.status }" data-analytics-status-online="Available">
		<input type="hidden" data-bind="attr: { 'data-analytics-status-store': $data.selectedVariant.availability().statusStore.status }" data-analytics-status-store="">

	<!-- /ko -->
<!-- /ko --> <!-- /ko --> <!-- ko if : $root.findCartItemByRollupId('6000201080227') --><!-- /ko --> </div> </div> <input type="hidden" class="numSkus" value="1"> <input type="hidden" class="primary_parent_id" value="6000194349394"> <input type="hidden" class="categoryID" value="6000194349394"> <input type="hidden" class="displayTooltip" value="true"> <input type="hidden" class="productRollupID" value="6000201080227"> <input type="hidden" class="productID" value="6000201080228"> <input type="hidden" class="productSkus" value="{&quot;productid&quot;:&quot;6000201080228&quot;,&quot;skus&quot;:[[{&quot;skuid&quot;:&quot;6000201080228&quot;,&quot;minOrderQuantity&quot;:1,&quot;status&quot;:&quot;&quot;,&quot;eligibility_type&quot;:&quot;&quot;,&quot;date&quot;:&quot;&quot;,&quot;mfgr_sugd_rtl_amt&quot;:&quot;&quot;,&quot;price_comparison_qty&quot;:&quot;&quot;,&quot;price_comparison_unit&quot;:&quot;GR&quot;}]]}"> <input type="hidden" class="productQueryData" value="{&quot;6000201080227&quot;:[{&quot;sku&quot;:&quot;6000201080228&quot;,&quot;upc&quot;:[]}]}"> <input type="hidden" class="offerID" data-bind="attr: { value: $data.offerId }" value="6000201080228"> </div> </article>
<!-- /ko --> <!-- ko with: selectedVariant('6000001843486') -->
<article class="dynamic-cart-thumb stock-up-thumb product thumb-10286810 wgrid-2wAny marg-r-0" id="thumb-10286810" data-bind="css: { 'qty-toggle': $root.findCartItemByRollupId('6000001843486') }" data-rollup-id="6000001843486" data-automation="stock-up-thumb"> <div class="thumb-inner-wrap nutrition-enable nutrition-icon-enable"> <a class="product-link" data-bind="click: function() {$root.navigateToPip($data.availability().statusOnline.viewGroceryEligible &amp;&amp; $root.siteExperience() == 'gm', '/en/ip/yoplait-source-strawberry-yogurt/6000001843486')}, attr: {href: !($data.availability().statusOnline.viewGroceryEligible &amp;&amp; $root.siteExperience() == 'gm') ? '/en/ip/yoplait-source-strawberry-yogurt/6000001843486' : ''}" href="/en/ip/yoplait-source-strawberry-yogurt/6000001843486"> <div class="badge-container"> <!-- ko template: { name: 'product-badges', if: !!$data.badgesAnalytics(), data: { badges: badges, badgesAnalytics: badgesAnalytics, screenReaderHidden : true } } --><!-- /ko --> <!-- ko ifnot: $data.badgesAnalytics() --> <span class="badge"></span> <!-- /ko --> </div> <div aria-hidden="true" data-bind="template: { name: 'dynamic-thumb-qty-template', data: {item: $root.findCartItemByRollupId('6000001843486'), variants: 1 }}">

	<!--ko if: $data.item != null --><!-- /ko -->
</div> <div class="centered-img"> <div class="cmp-atc-thmb-wrp"> <span class="cmp-atc-thmb-state">✔</span><span class="cmp-atc-thmb-copy mobile-hide"></span> </div> <div class="centered-img-wrap"> <img alt="" class="image lazy-img" src="data:image/gif;base64,R0lGODlhAQABAIAAAAAAAP///yH5BAEAAAAALAAAAAABAAEAAAIBRAA7" data-original="//i5.walmartimages.ca/images/Thumbnails/710/009/6000201710009.jpg?odnBound=200" width="200" height="200"> </div> </div> <div class="product-details-container"> <div class="details"> <div class="title" aria-label="Yoplait Source Strawberry Yogurt."> <h2 class="thumb-header">Yoplait Source Strawberry Yogurt</h2> </div> <!-- ko template: { name: 'product-badges', if: !!$data.badgesAnalytics(), data: { badges: badges, badgesAnalytics: badgesAnalytics, screenReaderHidden : false } } --><!-- /ko --> <div class="only-for-screen-reader" data-bind="template: { name: 'dynamic-thumb-qty-template-only-for-screen-reader', data: {item: $root.findCartItemByRollupId('6000001843486'), variants: 1 }}">

	<!--ko if: $data.item != null --><!-- /ko -->
</div> <div class="description" aria-label="650 g."> 650 g </div> <div class="fade"></div> </div> <div class="ratings" data-automation="stock-up-ratings"> <div class="stars rating-4_0" aria-label="This product is rated 4 stars out of 5 stars," data-bind="template: { name: 'star-ratings' }">
	 <i class="star"></i>  <i class="star"></i>  <i class="star"></i>  <i class="star"></i>  <i class="star"></i> 
</div> <span class="review-count" aria-label="based on 3 reviews.">3 Reviews</span> <div class="fade"></div> </div> <div class="pricing-spacer" data-bind="component: { name: 'was-pricing', params: availability().pricing }"><div class="price-was" data-bind="html: wasPriceDisplay"></div><div class="price-cover"></div><div class="price-cover-percent"></div><div class="price-unit" data-bind="template: {name: &quot;price-per-unit-tooltip-template&quot;, data: pricePerUnit, afterRender: $root.initPricingPopup }">
	<a class="popup-opener popup-align-left price-unit-tooltip" data-title-headline="" data-title="This is a unit of measurement to help you compare the value of this item. Please know, this is not the price of the item itself." data-bind="text: $data, attr:{'aria-label' : '. Price is measured as ' + $data}" aria-label=". Price is measured as 43¢/100g">43¢/100g</a>
</div></div> <span class="all-price-sections"> <!-- ko ifnot: availability().pricing.mapPrice --> <div class="only-for-screen-reader" id="price">Price</div> <div class="price-current" data-bind="component: { name: 'current-pricing', params: { price: availability().pricing, simpleFormatting: true } }, css: { ranged: availability().pricing.ranged }"><div data-bind="possibleRangedCurrencyText: { data: price, simpleFormatting: simpleFormatting } "><span>$</span>2.77</div><div data-bind="template: {name: &quot;analytics-price-template&quot;, data: price, afterRender: $root.initVariableWeightPopup }">
	<span style="display:none;" data-analytics-type="product-price" class="product-price-analytics" data-analytics-value="2.77" data-bind="attr: { 'data-analytics-value': $data }">
	</span>
</div></div> <!-- /ko --> <!-- ko if: availability().pricing.mapPrice --><!-- /ko --> </span> </div> </a> <!-- ko if: true --> <div class="flyout-menu-trigger product-nutritionInfo" id="tooltip-6000001843486" aria-describedby="tooltip-desc-6000001843486" role="tooltip"> <button class="product-nutritionInfo-icon nutrition-icon-visible" aria-label="Nutritional Icon"></button> <div class="flyout-menu-wrap" analytics-trigger="analytics-ghs" analytics-data="ingredients" aria-expanded="false"> <button class="closeButton" aria-label="Nutritional Close"></button> <i class="arrow up"></i> <div class="flyout-menu-content"> <h3>Ingredients</h3> <div class="ingredients_content"> <p class="dietaryInfo" id="6000001843486"></p> </div> </div> </div> </div> <!-- /ko --> <div class="cart-qty-wrap"> <div class="floater"> <!-- ko ifnot : $root.findCartItemByRollupId('6000001843486') --> <!-- ko template: {
						name: 'a2c-or-next-order-button',
						data: {
							selectedVariant: $data,
							amendableOrder: $data.amendableOrder(),
							CTA: $data.CTA(),
							viewGrocery: $data.availability().statusOnline.viewGroceryEligible && $root.siteExperience() == "gm",
							detailUrl: "/en/ip/yoplait-source-strawberry-yogurt/6000001843486",
							trackingUrl: "",
							clickBeacon: ""
						}
					}
					-->
	<!-- ko if: $data.amendableOrder.allCallsAreSynchronized -->
		<!-- ko if: $data.amendableOrder.show --><!-- /ko -->

		<!-- ko ifnot: $data.amendableOrder.show -->

			
			<!-- ko if: $data.CTA.hasAvailableStatus && !!$data.CTA.text && !$data.viewGrocery -->
			<button class="button add-to-cart-btn limited-stock" data-bind="visible: $data.CTA.hasAvailableStatus, show: (!!$data.CTA.text), css: $data.CTA.status, attr: { 'data-click-tracking-url': $data.trackingUrl, 'data-click-beacon': $data.clickBeacon, 'aria-label': $data.CTA.status + ', ' + $data.CTA.text}" data-click-tracking-url="" data-click-beacon="" aria-label="limited-stock, Add to cart">
				<span class="ribbon-arrow" data-bind="html: $data.CTA.ribbonText, show: $data.CTA.ribbon">Limited Stock</span>
				<span class="btn-txt" data-bind="text: $data.CTA.text">Add to cart</span>
				<span class="loading-icon"></span>
			</button>
			<!-- /ko -->

			
			<!-- ko if: !$data.CTA.hasAvailableStatus && !!$data.CTA.text --><!-- /ko -->

			
			<!-- ko if: !$data.CTA.hasAvailableStatus && !$data.CTA.text --><!--/ko-->

			
			<!-- ko if: $data.CTA.hasAvailableStatus && !!$data.CTA.text  && $data.viewGrocery --><!-- /ko -->

		<!-- /ko -->

		<input type="hidden" data-bind="attr: { 'data-analytics-status-online': $data.selectedVariant.availability().statusOnline.status }" data-analytics-status-online="Available">
		<input type="hidden" data-bind="attr: { 'data-analytics-status-store': $data.selectedVariant.availability().statusStore.status }" data-analytics-status-store="">

	<!-- /ko -->
<!-- /ko --> <!-- /ko --> <!-- ko if : $root.findCartItemByRollupId('6000001843486') --><!-- /ko --> </div> </div> <input type="hidden" class="numSkus" value="1"> <input type="hidden" class="primary_parent_id" value="6000195507613"> <input type="hidden" class="categoryID" value="6000195507613"> <input type="hidden" class="displayTooltip" value="true"> <input type="hidden" class="productRollupID" value="6000001843486"> <input type="hidden" class="productID" value="10286810"> <input type="hidden" class="productSkus" value="{&quot;productid&quot;:&quot;10286810&quot;,&quot;skus&quot;:[[{&quot;skuid&quot;:&quot;10286810&quot;,&quot;minOrderQuantity&quot;:1,&quot;status&quot;:&quot;&quot;,&quot;eligibility_type&quot;:&quot;&quot;,&quot;date&quot;:&quot;&quot;,&quot;mfgr_sugd_rtl_amt&quot;:&quot;&quot;,&quot;price_comparison_qty&quot;:&quot;&quot;,&quot;price_comparison_unit&quot;:&quot;GR&quot;}]]}"> <input type="hidden" class="productQueryData" value="{&quot;6000001843486&quot;:[{&quot;sku&quot;:&quot;10286810&quot;,&quot;upc&quot;:[]}]}"> <input type="hidden" class="offerID" data-bind="attr: { value: $data.offerId }" value="10286810"> </div> </article>
<!-- /ko --> <!-- ko with: selectedVariant('6000194034104') -->
<div class="shelf-spacer"></div><article class="dynamic-cart-thumb stock-up-thumb product thumb-6000194034105 wgrid-2wAny marg-l-0" id="thumb-6000194034105" data-bind="css: { 'qty-toggle': $root.findCartItemByRollupId('6000194034104') }" data-rollup-id="6000194034104" data-automation="stock-up-thumb"> <div class="thumb-inner-wrap nutrition-enable nutrition-icon-enable"> <a class="product-link" data-bind="click: function() {$root.navigateToPip($data.availability().statusOnline.viewGroceryEligible &amp;&amp; $root.siteExperience() == 'gm', '/en/ip/philadelphia-original-cream-cheese/6000194034104')}, attr: {href: !($data.availability().statusOnline.viewGroceryEligible &amp;&amp; $root.siteExperience() == 'gm') ? '/en/ip/philadelphia-original-cream-cheese/6000194034104' : ''}" href="/en/ip/philadelphia-original-cream-cheese/6000194034104"> <div class="badge-container"> <!-- ko template: { name: 'product-badges', if: !!$data.badgesAnalytics(), data: { badges: badges, badgesAnalytics: badgesAnalytics, screenReaderHidden : true } } --><!-- /ko --> <!-- ko ifnot: $data.badgesAnalytics() --> <span class="badge"></span> <!-- /ko --> </div> <div aria-hidden="true" data-bind="template: { name: 'dynamic-thumb-qty-template', data: {item: $root.findCartItemByRollupId('6000194034104'), variants: 1 }}">

	<!--ko if: $data.item != null --><!-- /ko -->
</div> <div class="centered-img"> <div class="cmp-atc-thmb-wrp"> <span class="cmp-atc-thmb-state">✔</span><span class="cmp-atc-thmb-copy mobile-hide"></span> </div> <div class="centered-img-wrap"> <img alt="" class="image lazy-img" src="data:image/gif;base64,R0lGODlhAQABAIAAAAAAAP///yH5BAEAAAAALAAAAAABAAEAAAIBRAA7" data-original="//i5.walmartimages.ca/images/Thumbnails/1c1/_en/999999-00068100895971_a1c1_en.jpg?odnBound=200" width="200" height="200"> </div> </div> <div class="product-details-container"> <div class="details"> <div class="title" aria-label="Philadelphia Original Cream Cheese."> <h2 class="thumb-header">Philadelphia Original Cream Cheese</h2> </div> <!-- ko template: { name: 'product-badges', if: !!$data.badgesAnalytics(), data: { badges: badges, badgesAnalytics: badgesAnalytics, screenReaderHidden : false } } --><!-- /ko --> <div class="only-for-screen-reader" data-bind="template: { name: 'dynamic-thumb-qty-template-only-for-screen-reader', data: {item: $root.findCartItemByRollupId('6000194034104'), variants: 1 }}">

	<!--ko if: $data.item != null --><!-- /ko -->
</div> <div class="description" aria-label="227g."> 227g </div> <div class="fade"></div> </div> <div class="ratings" data-automation="stock-up-ratings"> <div class="stars rating-5_0" aria-label="This product is rated 5 stars out of 5 stars," data-bind="template: { name: 'star-ratings' }">
	 <i class="star"></i>  <i class="star"></i>  <i class="star"></i>  <i class="star"></i>  <i class="star"></i> 
</div> <span class="review-count" aria-label="based on 1 review.">1 Review</span> <div class="fade"></div> </div> <div class="pricing-spacer" data-bind="component: { name: 'was-pricing', params: availability().pricing }"><div class="price-was" data-bind="html: wasPriceDisplay"></div><div class="price-cover"></div><div class="price-cover-percent"></div><div class="price-unit" data-bind="template: {name: &quot;price-per-unit-tooltip-template&quot;, data: pricePerUnit, afterRender: $root.initPricingPopup }">
	<a class="popup-opener popup-align-left price-unit-tooltip" data-title-headline="" data-title="This is a unit of measurement to help you compare the value of this item. Please know, this is not the price of the item itself." data-bind="text: $data, attr:{'aria-label' : '. Price is measured as ' + $data}" aria-label=". Price is measured as $1.75/100g">$1.75/100g</a>
</div></div> <span class="all-price-sections"> <!-- ko ifnot: availability().pricing.mapPrice --> <div class="only-for-screen-reader" id="price">Price</div> <div class="price-current" data-bind="component: { name: 'current-pricing', params: { price: availability().pricing, simpleFormatting: true } }, css: { ranged: availability().pricing.ranged }"><div data-bind="possibleRangedCurrencyText: { data: price, simpleFormatting: simpleFormatting } "><span>$</span>3.97</div><div data-bind="template: {name: &quot;analytics-price-template&quot;, data: price, afterRender: $root.initVariableWeightPopup }">
	<span style="display:none;" data-analytics-type="product-price" class="product-price-analytics" data-analytics-value="3.97" data-bind="attr: { 'data-analytics-value': $data }">
	</span>
</div></div> <!-- /ko --> <!-- ko if: availability().pricing.mapPrice --><!-- /ko --> </span> </div> </a> <!-- ko if: true --> <div class="flyout-menu-trigger product-nutritionInfo" id="tooltip-6000194034104" aria-describedby="tooltip-desc-6000194034104" role="tooltip"> <button class="product-nutritionInfo-icon nutrition-icon-visible" aria-label="Nutritional Icon"></button> <div class="flyout-menu-wrap" analytics-trigger="analytics-ghs" analytics-data="ingredients" aria-expanded="false"> <button class="closeButton" aria-label="Nutritional Close"></button> <i class="arrow up"></i> <div class="flyout-menu-content"> <h3>Ingredients</h3> <div class="ingredients_content"> <p class="dietaryInfo" id="6000194034104"></p> </div> </div> </div> </div> <!-- /ko --> <div class="cart-qty-wrap"> <div class="floater"> <!-- ko ifnot : $root.findCartItemByRollupId('6000194034104') --> <!-- ko template: {
						name: 'a2c-or-next-order-button',
						data: {
							selectedVariant: $data,
							amendableOrder: $data.amendableOrder(),
							CTA: $data.CTA(),
							viewGrocery: $data.availability().statusOnline.viewGroceryEligible && $root.siteExperience() == "gm",
							detailUrl: "/en/ip/philadelphia-original-cream-cheese/6000194034104",
							trackingUrl: "",
							clickBeacon: ""
						}
					}
					-->
	<!-- ko if: $data.amendableOrder.allCallsAreSynchronized -->
		<!-- ko if: $data.amendableOrder.show --><!-- /ko -->

		<!-- ko ifnot: $data.amendableOrder.show -->

			
			<!-- ko if: $data.CTA.hasAvailableStatus && !!$data.CTA.text && !$data.viewGrocery -->
			<button class="button add-to-cart-btn limited-stock" data-bind="visible: $data.CTA.hasAvailableStatus, show: (!!$data.CTA.text), css: $data.CTA.status, attr: { 'data-click-tracking-url': $data.trackingUrl, 'data-click-beacon': $data.clickBeacon, 'aria-label': $data.CTA.status + ', ' + $data.CTA.text}" data-click-tracking-url="" data-click-beacon="" aria-label="limited-stock, Add to cart">
				<span class="ribbon-arrow" data-bind="html: $data.CTA.ribbonText, show: $data.CTA.ribbon">Limited Stock</span>
				<span class="btn-txt" data-bind="text: $data.CTA.text">Add to cart</span>
				<span class="loading-icon"></span>
			</button>
			<!-- /ko -->

			
			<!-- ko if: !$data.CTA.hasAvailableStatus && !!$data.CTA.text --><!-- /ko -->

			
			<!-- ko if: !$data.CTA.hasAvailableStatus && !$data.CTA.text --><!--/ko-->

			
			<!-- ko if: $data.CTA.hasAvailableStatus && !!$data.CTA.text  && $data.viewGrocery --><!-- /ko -->

		<!-- /ko -->

		<input type="hidden" data-bind="attr: { 'data-analytics-status-online': $data.selectedVariant.availability().statusOnline.status }" data-analytics-status-online="Available">
		<input type="hidden" data-bind="attr: { 'data-analytics-status-store': $data.selectedVariant.availability().statusStore.status }" data-analytics-status-store="">

	<!-- /ko -->
<!-- /ko --> <!-- /ko --> <!-- ko if : $root.findCartItemByRollupId('6000194034104') --><!-- /ko --> </div> </div> <input type="hidden" class="numSkus" value="1"> <input type="hidden" class="primary_parent_id" value="6000188228272"> <input type="hidden" class="categoryID" value="6000188228272"> <input type="hidden" class="displayTooltip" value="true"> <input type="hidden" class="productRollupID" value="6000194034104"> <input type="hidden" class="productID" value="6000194034105"> <input type="hidden" class="productSkus" value="{&quot;productid&quot;:&quot;6000194034105&quot;,&quot;skus&quot;:[[{&quot;skuid&quot;:&quot;6000194034105&quot;,&quot;minOrderQuantity&quot;:1,&quot;status&quot;:&quot;&quot;,&quot;eligibility_type&quot;:&quot;&quot;,&quot;date&quot;:&quot;&quot;,&quot;mfgr_sugd_rtl_amt&quot;:&quot;&quot;,&quot;price_comparison_qty&quot;:&quot;&quot;,&quot;price_comparison_unit&quot;:&quot;GR&quot;}]]}"> <input type="hidden" class="productQueryData" value="{&quot;6000194034104&quot;:[{&quot;sku&quot;:&quot;6000194034105&quot;,&quot;upc&quot;:[]}]}"> <input type="hidden" class="offerID" data-bind="attr: { value: $data.offerId }" value="6000194034105"> </div> </article>
<!-- /ko --> <!-- ko with: selectedVariant('6000001843132') -->
<article class="dynamic-cart-thumb stock-up-thumb product thumb-206001 wgrid-2wAny" id="thumb-206001" data-bind="css: { 'qty-toggle': $root.findCartItemByRollupId('6000001843132') }" data-rollup-id="6000001843132" data-automation="stock-up-thumb"> <div class="thumb-inner-wrap nutrition-enable nutrition-icon-enable"> <a class="product-link" data-bind="click: function() {$root.navigateToPip($data.availability().statusOnline.viewGroceryEligible &amp;&amp; $root.siteExperience() == 'gm', '/en/ip/tubes-by-yoplait-cherrystrawberry-yogurt/6000001843132')}, attr: {href: !($data.availability().statusOnline.viewGroceryEligible &amp;&amp; $root.siteExperience() == 'gm') ? '/en/ip/tubes-by-yoplait-cherrystrawberry-yogurt/6000001843132' : ''}" href="/en/ip/tubes-by-yoplait-cherrystrawberry-yogurt/6000001843132"> <div class="badge-container"> <!-- ko template: { name: 'product-badges', if: !!$data.badgesAnalytics(), data: { badges: badges, badgesAnalytics: badgesAnalytics, screenReaderHidden : true } } --><!-- /ko --> <!-- ko ifnot: $data.badgesAnalytics() --> <span class="badge"></span> <!-- /ko --> </div> <div aria-hidden="true" data-bind="template: { name: 'dynamic-thumb-qty-template', data: {item: $root.findCartItemByRollupId('6000001843132'), variants: 1 }}">

	<!--ko if: $data.item != null --><!-- /ko -->
</div> <div class="centered-img"> <div class="cmp-atc-thmb-wrp"> <span class="cmp-atc-thmb-state">✔</span><span class="cmp-atc-thmb-copy mobile-hide"></span> </div> <div class="centered-img-wrap"> <img alt="" class="image lazy-img" src="data:image/gif;base64,R0lGODlhAQABAIAAAAAAAP///yH5BAEAAAAALAAAAAABAAEAAAIBRAA7" data-original="//i5.walmartimages.ca/images/Thumbnails/709/780/6000201709780.jpg?odnBound=200" width="200" height="200"> </div> </div> <div class="product-details-container"> <div class="details"> <div class="title" aria-label="Tubes by Yoplait Cherry/Strawberry Yogurt."> <h2 class="thumb-header">Tubes by Yoplait Cherry/Strawberry Yogurt</h2> </div> <!-- ko template: { name: 'product-badges', if: !!$data.badgesAnalytics(), data: { badges: badges, badgesAnalytics: badgesAnalytics, screenReaderHidden : false } } --><!-- /ko --> <div class="only-for-screen-reader" data-bind="template: { name: 'dynamic-thumb-qty-template-only-for-screen-reader', data: {item: $root.findCartItemByRollupId('6000001843132'), variants: 1 }}">

	<!--ko if: $data.item != null --><!-- /ko -->
</div> <div class="description" aria-label="8 x 60 g."> 8 x 60 g </div> <div class="fade"></div> </div> <div class="ratings" data-automation="stock-up-ratings"> <div class="stars rating-2_5" aria-label="This product is rated 2.5 stars out of 5 stars," data-bind="template: { name: 'star-ratings' }">
	 <i class="star"></i>  <i class="star"></i>  <i class="star"></i>  <i class="star"></i>  <i class="star"></i> 
</div> <span class="review-count" aria-label="based on 2 reviews.">2 Reviews</span> <div class="fade"></div> </div> <div class="pricing-spacer" data-bind="component: { name: 'was-pricing', params: availability().pricing }"><div class="price-was" data-bind="html: wasPriceDisplay"></div><div class="price-cover"></div><div class="price-cover-percent"></div><div class="price-unit" data-bind="template: {name: &quot;price-per-unit-tooltip-template&quot;, data: pricePerUnit, afterRender: $root.initPricingPopup }">
	<a class="popup-opener popup-align-left price-unit-tooltip" data-title-headline="" data-title="This is a unit of measurement to help you compare the value of this item. Please know, this is not the price of the item itself." data-bind="text: $data, attr:{'aria-label' : '. Price is measured as ' + $data}" aria-label=". Price is measured as 62¢/100g">62¢/100g</a>
</div></div> <span class="all-price-sections"> <!-- ko ifnot: availability().pricing.mapPrice --> <div class="only-for-screen-reader" id="price">Price</div> <div class="price-current" data-bind="component: { name: 'current-pricing', params: { price: availability().pricing, simpleFormatting: true } }, css: { ranged: availability().pricing.ranged }"><div data-bind="possibleRangedCurrencyText: { data: price, simpleFormatting: simpleFormatting } "><span>$</span>2.98</div><div data-bind="template: {name: &quot;analytics-price-template&quot;, data: price, afterRender: $root.initVariableWeightPopup }">
	<span style="display:none;" data-analytics-type="product-price" class="product-price-analytics" data-analytics-value="2.98" data-bind="attr: { 'data-analytics-value': $data }">
	</span>
</div></div> <!-- /ko --> <!-- ko if: availability().pricing.mapPrice --><!-- /ko --> </span> </div> </a> <!-- ko if: true --> <div class="flyout-menu-trigger product-nutritionInfo" id="tooltip-6000001843132" aria-describedby="tooltip-desc-6000001843132" role="tooltip"> <button class="product-nutritionInfo-icon nutrition-icon-visible" aria-label="Nutritional Icon"></button> <div class="flyout-menu-wrap" analytics-trigger="analytics-ghs" analytics-data="ingredients" aria-expanded="false"> <button class="closeButton" aria-label="Nutritional Close"></button> <i class="arrow up"></i> <div class="flyout-menu-content"> <h3>Ingredients</h3> <div class="ingredients_content"> <p class="dietaryInfo" id="6000001843132"></p> </div> </div> </div> </div> <!-- /ko --> <div class="cart-qty-wrap"> <div class="floater"> <!-- ko ifnot : $root.findCartItemByRollupId('6000001843132') --> <!-- ko template: {
						name: 'a2c-or-next-order-button',
						data: {
							selectedVariant: $data,
							amendableOrder: $data.amendableOrder(),
							CTA: $data.CTA(),
							viewGrocery: $data.availability().statusOnline.viewGroceryEligible && $root.siteExperience() == "gm",
							detailUrl: "/en/ip/tubes-by-yoplait-cherrystrawberry-yogurt/6000001843132",
							trackingUrl: "",
							clickBeacon: ""
						}
					}
					-->
	<!-- ko if: $data.amendableOrder.allCallsAreSynchronized -->
		<!-- ko if: $data.amendableOrder.show --><!-- /ko -->

		<!-- ko ifnot: $data.amendableOrder.show -->

			
			<!-- ko if: $data.CTA.hasAvailableStatus && !!$data.CTA.text && !$data.viewGrocery -->
			<button class="button add-to-cart-btn limited-stock" data-bind="visible: $data.CTA.hasAvailableStatus, show: (!!$data.CTA.text), css: $data.CTA.status, attr: { 'data-click-tracking-url': $data.trackingUrl, 'data-click-beacon': $data.clickBeacon, 'aria-label': $data.CTA.status + ', ' + $data.CTA.text}" data-click-tracking-url="" data-click-beacon="" aria-label="limited-stock, Add to cart">
				<span class="ribbon-arrow" data-bind="html: $data.CTA.ribbonText, show: $data.CTA.ribbon">Limited Stock</span>
				<span class="btn-txt" data-bind="text: $data.CTA.text">Add to cart</span>
				<span class="loading-icon"></span>
			</button>
			<!-- /ko -->

			
			<!-- ko if: !$data.CTA.hasAvailableStatus && !!$data.CTA.text --><!-- /ko -->

			
			<!-- ko if: !$data.CTA.hasAvailableStatus && !$data.CTA.text --><!--/ko-->

			
			<!-- ko if: $data.CTA.hasAvailableStatus && !!$data.CTA.text  && $data.viewGrocery --><!-- /ko -->

		<!-- /ko -->

		<input type="hidden" data-bind="attr: { 'data-analytics-status-online': $data.selectedVariant.availability().statusOnline.status }" data-analytics-status-online="Available">
		<input type="hidden" data-bind="attr: { 'data-analytics-status-store': $data.selectedVariant.availability().statusStore.status }" data-analytics-status-store="">

	<!-- /ko -->
<!-- /ko --> <!-- /ko --> <!-- ko if : $root.findCartItemByRollupId('6000001843132') --><!-- /ko --> </div> </div> <input type="hidden" class="numSkus" value="1"> <input type="hidden" class="primary_parent_id" value="6000195507614"> <input type="hidden" class="categoryID" value="6000195507614"> <input type="hidden" class="displayTooltip" value="true"> <input type="hidden" class="productRollupID" value="6000001843132"> <input type="hidden" class="productID" value="206001"> <input type="hidden" class="productSkus" value="{&quot;productid&quot;:&quot;206001&quot;,&quot;skus&quot;:[[{&quot;skuid&quot;:&quot;206001&quot;,&quot;minOrderQuantity&quot;:1,&quot;status&quot;:&quot;&quot;,&quot;eligibility_type&quot;:&quot;&quot;,&quot;date&quot;:&quot;&quot;,&quot;mfgr_sugd_rtl_amt&quot;:&quot;&quot;,&quot;price_comparison_qty&quot;:&quot;&quot;,&quot;price_comparison_unit&quot;:&quot;GR&quot;}]]}"> <input type="hidden" class="productQueryData" value="{&quot;6000001843132&quot;:[{&quot;sku&quot;:&quot;206001&quot;,&quot;upc&quot;:[]}]}"> <input type="hidden" class="offerID" data-bind="attr: { value: $data.offerId }" value="206001"> </div> </article>
<!-- /ko --> <!-- ko with: selectedVariant('6000001849020') -->
<article class="dynamic-cart-thumb stock-up-thumb product thumb-10286933 wgrid-2wAny" id="thumb-10286933" data-bind="css: { 'qty-toggle': $root.findCartItemByRollupId('6000001849020') }" data-rollup-id="6000001849020" data-automation="stock-up-thumb"> <div class="thumb-inner-wrap nutrition-enable nutrition-icon-enable"> <a class="product-link" data-bind="click: function() {$root.navigateToPip($data.availability().statusOnline.viewGroceryEligible &amp;&amp; $root.siteExperience() == 'gm', '/en/ip/tubes-by-yoplait-fruit-punchstrawberry-banana-yogurt/6000001849020')}, attr: {href: !($data.availability().statusOnline.viewGroceryEligible &amp;&amp; $root.siteExperience() == 'gm') ? '/en/ip/tubes-by-yoplait-fruit-punchstrawberry-banana-yogurt/6000001849020' : ''}" href="/en/ip/tubes-by-yoplait-fruit-punchstrawberry-banana-yogurt/6000001849020"> <div class="badge-container"> <!-- ko template: { name: 'product-badges', if: !!$data.badgesAnalytics(), data: { badges: badges, badgesAnalytics: badgesAnalytics, screenReaderHidden : true } } --><!-- /ko --> <!-- ko ifnot: $data.badgesAnalytics() --> <span class="badge"></span> <!-- /ko --> </div> <div aria-hidden="true" data-bind="template: { name: 'dynamic-thumb-qty-template', data: {item: $root.findCartItemByRollupId('6000001849020'), variants: 1 }}">

	<!--ko if: $data.item != null --><!-- /ko -->
</div> <div class="centered-img"> <div class="cmp-atc-thmb-wrp"> <span class="cmp-atc-thmb-state">✔</span><span class="cmp-atc-thmb-copy mobile-hide"></span> </div> <div class="centered-img-wrap"> <img alt="" class="image lazy-img" src="data:image/gif;base64,R0lGODlhAQABAIAAAAAAAP///yH5BAEAAAAALAAAAAABAAEAAAIBRAA7" data-original="//i5.walmartimages.ca/images/Thumbnails/709/885/6000201709885.jpg?odnBound=200" width="200" height="200"> </div> </div> <div class="product-details-container"> <div class="details"> <div class="title" aria-label="Tubes by Yoplait Fruit Punch/Strawberry-Banana Yogurt."> <h2 class="thumb-header">Tubes by Yoplait Fruit Punch/Strawberry-Banana Yogurt</h2> </div> <!-- ko template: { name: 'product-badges', if: !!$data.badgesAnalytics(), data: { badges: badges, badgesAnalytics: badgesAnalytics, screenReaderHidden : false } } --><!-- /ko --> <div class="only-for-screen-reader" data-bind="template: { name: 'dynamic-thumb-qty-template-only-for-screen-reader', data: {item: $root.findCartItemByRollupId('6000001849020'), variants: 1 }}">

	<!--ko if: $data.item != null --><!-- /ko -->
</div> <div class="description" aria-label="8 x 60 g."> 8 x 60 g </div> <div class="fade"></div> </div> <div class="ratings" data-automation="stock-up-ratings"> <div class="stars rating-5_0" aria-label="This product is rated 5 stars out of 5 stars," data-bind="template: { name: 'star-ratings' }">
	 <i class="star"></i>  <i class="star"></i>  <i class="star"></i>  <i class="star"></i>  <i class="star"></i> 
</div> <span class="review-count" aria-label="based on 3 reviews.">3 Reviews</span> <div class="fade"></div> </div> <div class="pricing-spacer" data-bind="component: { name: 'was-pricing', params: availability().pricing }"><div class="price-was" data-bind="html: wasPriceDisplay"></div><div class="price-cover"></div><div class="price-cover-percent"></div><div class="price-unit" data-bind="template: {name: &quot;price-per-unit-tooltip-template&quot;, data: pricePerUnit, afterRender: $root.initPricingPopup }">
	<a class="popup-opener popup-align-left price-unit-tooltip" data-title-headline="" data-title="This is a unit of measurement to help you compare the value of this item. Please know, this is not the price of the item itself." data-bind="text: $data, attr:{'aria-label' : '. Price is measured as ' + $data}" aria-label=". Price is measured as 62¢/100g">62¢/100g</a>
</div></div> <span class="all-price-sections"> <!-- ko ifnot: availability().pricing.mapPrice --> <div class="only-for-screen-reader" id="price">Price</div> <div class="price-current" data-bind="component: { name: 'current-pricing', params: { price: availability().pricing, simpleFormatting: true } }, css: { ranged: availability().pricing.ranged }"><div data-bind="possibleRangedCurrencyText: { data: price, simpleFormatting: simpleFormatting } "><span>$</span>2.98</div><div data-bind="template: {name: &quot;analytics-price-template&quot;, data: price, afterRender: $root.initVariableWeightPopup }">
	<span style="display:none;" data-analytics-type="product-price" class="product-price-analytics" data-analytics-value="2.98" data-bind="attr: { 'data-analytics-value': $data }">
	</span>
</div></div> <!-- /ko --> <!-- ko if: availability().pricing.mapPrice --><!-- /ko --> </span> </div> </a> <!-- ko if: true --> <div class="flyout-menu-trigger product-nutritionInfo" id="tooltip-6000001849020" aria-describedby="tooltip-desc-6000001849020" role="tooltip"> <button class="product-nutritionInfo-icon nutrition-icon-visible" aria-label="Nutritional Icon"></button> <div class="flyout-menu-wrap" analytics-trigger="analytics-ghs" analytics-data="ingredients" aria-expanded="false"> <button class="closeButton" aria-label="Nutritional Close"></button> <i class="arrow up"></i> <div class="flyout-menu-content"> <h3>Ingredients</h3> <div class="ingredients_content"> <p class="dietaryInfo" id="6000001849020"></p> </div> </div> </div> </div> <!-- /ko --> <div class="cart-qty-wrap"> <div class="floater"> <!-- ko ifnot : $root.findCartItemByRollupId('6000001849020') --> <!-- ko template: {
						name: 'a2c-or-next-order-button',
						data: {
							selectedVariant: $data,
							amendableOrder: $data.amendableOrder(),
							CTA: $data.CTA(),
							viewGrocery: $data.availability().statusOnline.viewGroceryEligible && $root.siteExperience() == "gm",
							detailUrl: "/en/ip/tubes-by-yoplait-fruit-punchstrawberry-banana-yogurt/6000001849020",
							trackingUrl: "",
							clickBeacon: ""
						}
					}
					-->
	<!-- ko if: $data.amendableOrder.allCallsAreSynchronized -->
		<!-- ko if: $data.amendableOrder.show --><!-- /ko -->

		<!-- ko ifnot: $data.amendableOrder.show -->

			
			<!-- ko if: $data.CTA.hasAvailableStatus && !!$data.CTA.text && !$data.viewGrocery -->
			<button class="button add-to-cart-btn limited-stock" data-bind="visible: $data.CTA.hasAvailableStatus, show: (!!$data.CTA.text), css: $data.CTA.status, attr: { 'data-click-tracking-url': $data.trackingUrl, 'data-click-beacon': $data.clickBeacon, 'aria-label': $data.CTA.status + ', ' + $data.CTA.text}" data-click-tracking-url="" data-click-beacon="" aria-label="limited-stock, Add to cart">
				<span class="ribbon-arrow" data-bind="html: $data.CTA.ribbonText, show: $data.CTA.ribbon">Limited Stock</span>
				<span class="btn-txt" data-bind="text: $data.CTA.text">Add to cart</span>
				<span class="loading-icon"></span>
			</button>
			<!-- /ko -->

			
			<!-- ko if: !$data.CTA.hasAvailableStatus && !!$data.CTA.text --><!-- /ko -->

			
			<!-- ko if: !$data.CTA.hasAvailableStatus && !$data.CTA.text --><!--/ko-->

			
			<!-- ko if: $data.CTA.hasAvailableStatus && !!$data.CTA.text  && $data.viewGrocery --><!-- /ko -->

		<!-- /ko -->

		<input type="hidden" data-bind="attr: { 'data-analytics-status-online': $data.selectedVariant.availability().statusOnline.status }" data-analytics-status-online="Available">
		<input type="hidden" data-bind="attr: { 'data-analytics-status-store': $data.selectedVariant.availability().statusStore.status }" data-analytics-status-store="">

	<!-- /ko -->
<!-- /ko --> <!-- /ko --> <!-- ko if : $root.findCartItemByRollupId('6000001849020') --><!-- /ko --> </div> </div> <input type="hidden" class="numSkus" value="1"> <input type="hidden" class="primary_parent_id" value="6000195507614"> <input type="hidden" class="categoryID" value="6000195507614"> <input type="hidden" class="displayTooltip" value="true"> <input type="hidden" class="productRollupID" value="6000001849020"> <input type="hidden" class="productID" value="10286933"> <input type="hidden" class="productSkus" value="{&quot;productid&quot;:&quot;10286933&quot;,&quot;skus&quot;:[[{&quot;skuid&quot;:&quot;10286933&quot;,&quot;minOrderQuantity&quot;:1,&quot;status&quot;:&quot;&quot;,&quot;eligibility_type&quot;:&quot;&quot;,&quot;date&quot;:&quot;&quot;,&quot;mfgr_sugd_rtl_amt&quot;:&quot;&quot;,&quot;price_comparison_qty&quot;:&quot;&quot;,&quot;price_comparison_unit&quot;:&quot;GR&quot;}]]}"> <input type="hidden" class="productQueryData" value="{&quot;6000001849020&quot;:[{&quot;sku&quot;:&quot;10286933&quot;,&quot;upc&quot;:[]}]}"> <input type="hidden" class="offerID" data-bind="attr: { value: $data.offerId }" value="10286933"> </div> </article>
<!-- /ko --> <!-- ko with: selectedVariant('6000201080299') -->
<article class="dynamic-cart-thumb stock-up-thumb product thumb-6000201080300 wgrid-2wAny marg-r-0" id="thumb-6000201080300" data-bind="css: { 'qty-toggle': $root.findCartItemByRollupId('6000201080299') }" data-rollup-id="6000201080299" data-automation="stock-up-thumb"> <div class="thumb-inner-wrap nutrition-enable nutrition-icon-enable"> <a class="product-link" data-bind="click: function() {$root.navigateToPip($data.availability().statusOnline.viewGroceryEligible &amp;&amp; $root.siteExperience() == 'gm', '/en/ip/becel-olive-oil-margarine/6000201080299')}, attr: {href: !($data.availability().statusOnline.viewGroceryEligible &amp;&amp; $root.siteExperience() == 'gm') ? '/en/ip/becel-olive-oil-margarine/6000201080299' : ''}" href="/en/ip/becel-olive-oil-margarine/6000201080299"> <div class="badge-container"> <!-- ko template: { name: 'product-badges', if: !!$data.badgesAnalytics(), data: { badges: badges, badgesAnalytics: badgesAnalytics, screenReaderHidden : true } } --><!-- /ko --> <!-- ko ifnot: $data.badgesAnalytics() --> <span class="badge"></span> <!-- /ko --> </div> <div aria-hidden="true" data-bind="template: { name: 'dynamic-thumb-qty-template', data: {item: $root.findCartItemByRollupId('6000201080299'), variants: 1 }}">

	<!--ko if: $data.item != null --><!-- /ko -->
</div> <div class="centered-img"> <div class="cmp-atc-thmb-wrp"> <span class="cmp-atc-thmb-state">✔</span><span class="cmp-atc-thmb-copy mobile-hide"></span> </div> <div class="centered-img-wrap"> <img alt="" class="image lazy-img" src="data:image/gif;base64,R0lGODlhAQABAIAAAAAAAP///yH5BAEAAAAALAAAAAABAAEAAAIBRAA7" data-original="//i5.walmartimages.ca/images/Thumbnails/290/141/6000201290141.jpg?odnBound=200" width="200" height="200"> </div> </div> <div class="product-details-container"> <div class="details"> <div class="title" aria-label="Becel® Olive Oil Margarine."> <h2 class="thumb-header">Becel® Olive Oil Margarine</h2> </div> <!-- ko template: { name: 'product-badges', if: !!$data.badgesAnalytics(), data: { badges: badges, badgesAnalytics: badgesAnalytics, screenReaderHidden : false } } --><!-- /ko --> <div class="only-for-screen-reader" data-bind="template: { name: 'dynamic-thumb-qty-template-only-for-screen-reader', data: {item: $root.findCartItemByRollupId('6000201080299'), variants: 1 }}">

	<!--ko if: $data.item != null --><!-- /ko -->
</div> <div class="description" aria-label="907gm."> 907gm </div> <div class="fade"></div> </div> <div class="ratings" data-automation="stock-up-ratings"> <div class="stars rating-5_0" aria-label="This product is rated 5 stars out of 5 stars," data-bind="template: { name: 'star-ratings' }">
	 <i class="star"></i>  <i class="star"></i>  <i class="star"></i>  <i class="star"></i>  <i class="star"></i> 
</div> <span class="review-count" aria-label="based on 1 review.">1 Review</span> <div class="fade"></div> </div> <div class="pricing-spacer" data-bind="component: { name: 'was-pricing', params: availability().pricing }"><div class="price-was" data-bind="html: wasPriceDisplay"></div><div class="price-cover"></div><div class="price-cover-percent"></div><div class="price-unit" data-bind="template: {name: &quot;price-per-unit-tooltip-template&quot;, data: pricePerUnit, afterRender: $root.initPricingPopup }">
	<a class="popup-opener popup-align-left price-unit-tooltip" data-title-headline="" data-title="This is a unit of measurement to help you compare the value of this item. Please know, this is not the price of the item itself." data-bind="text: $data, attr:{'aria-label' : '. Price is measured as ' + $data}" aria-label=". Price is measured as 53¢/100g">53¢/100g</a>
</div></div> <span class="all-price-sections"> <!-- ko ifnot: availability().pricing.mapPrice --> <div class="only-for-screen-reader" id="price">Price</div> <div class="price-current" data-bind="component: { name: 'current-pricing', params: { price: availability().pricing, simpleFormatting: true } }, css: { ranged: availability().pricing.ranged }"><div data-bind="possibleRangedCurrencyText: { data: price, simpleFormatting: simpleFormatting } "><span>$</span>4.77</div><div data-bind="template: {name: &quot;analytics-price-template&quot;, data: price, afterRender: $root.initVariableWeightPopup }">
	<span style="display:none;" data-analytics-type="product-price" class="product-price-analytics" data-analytics-value="4.77" data-bind="attr: { 'data-analytics-value': $data }">
	</span>
</div></div> <!-- /ko --> <!-- ko if: availability().pricing.mapPrice --><!-- /ko --> </span> </div> </a> <!-- ko if: true --> <div class="flyout-menu-trigger product-nutritionInfo" id="tooltip-6000201080299" aria-describedby="tooltip-desc-6000201080299" role="tooltip"> <button class="product-nutritionInfo-icon nutrition-icon-visible" aria-label="Nutritional Icon"></button> <div class="flyout-menu-wrap" analytics-trigger="analytics-ghs" analytics-data="ingredients" aria-expanded="false"> <button class="closeButton" aria-label="Nutritional Close"></button> <i class="arrow up"></i> <div class="flyout-menu-content"> <h3>Ingredients</h3> <div class="ingredients_content"> <p class="dietaryInfo" id="6000201080299"></p> </div> </div> </div> </div> <!-- /ko --> <div class="cart-qty-wrap"> <div class="floater"> <!-- ko ifnot : $root.findCartItemByRollupId('6000201080299') --> <!-- ko template: {
						name: 'a2c-or-next-order-button',
						data: {
							selectedVariant: $data,
							amendableOrder: $data.amendableOrder(),
							CTA: $data.CTA(),
							viewGrocery: $data.availability().statusOnline.viewGroceryEligible && $root.siteExperience() == "gm",
							detailUrl: "/en/ip/becel-olive-oil-margarine/6000201080299",
							trackingUrl: "",
							clickBeacon: ""
						}
					}
					-->
	<!-- ko if: $data.amendableOrder.allCallsAreSynchronized -->
		<!-- ko if: $data.amendableOrder.show --><!-- /ko -->

		<!-- ko ifnot: $data.amendableOrder.show -->

			
			<!-- ko if: $data.CTA.hasAvailableStatus && !!$data.CTA.text && !$data.viewGrocery -->
			<button class="button add-to-cart-btn limited-stock" data-bind="visible: $data.CTA.hasAvailableStatus, show: (!!$data.CTA.text), css: $data.CTA.status, attr: { 'data-click-tracking-url': $data.trackingUrl, 'data-click-beacon': $data.clickBeacon, 'aria-label': $data.CTA.status + ', ' + $data.CTA.text}" data-click-tracking-url="" data-click-beacon="" aria-label="limited-stock, Add to cart">
				<span class="ribbon-arrow" data-bind="html: $data.CTA.ribbonText, show: $data.CTA.ribbon">Limited Stock</span>
				<span class="btn-txt" data-bind="text: $data.CTA.text">Add to cart</span>
				<span class="loading-icon"></span>
			</button>
			<!-- /ko -->

			
			<!-- ko if: !$data.CTA.hasAvailableStatus && !!$data.CTA.text --><!-- /ko -->

			
			<!-- ko if: !$data.CTA.hasAvailableStatus && !$data.CTA.text --><!--/ko-->

			
			<!-- ko if: $data.CTA.hasAvailableStatus && !!$data.CTA.text  && $data.viewGrocery --><!-- /ko -->

		<!-- /ko -->

		<input type="hidden" data-bind="attr: { 'data-analytics-status-online': $data.selectedVariant.availability().statusOnline.status }" data-analytics-status-online="Available">
		<input type="hidden" data-bind="attr: { 'data-analytics-status-store': $data.selectedVariant.availability().statusStore.status }" data-analytics-status-store="">

	<!-- /ko -->
<!-- /ko --> <!-- /ko --> <!-- ko if : $root.findCartItemByRollupId('6000201080299') --><!-- /ko --> </div> </div> <input type="hidden" class="numSkus" value="1"> <input type="hidden" class="primary_parent_id" value="6000194327387"> <input type="hidden" class="categoryID" value="6000194327387"> <input type="hidden" class="displayTooltip" value="true"> <input type="hidden" class="productRollupID" value="6000201080299"> <input type="hidden" class="productID" value="6000201080300"> <input type="hidden" class="productSkus" value="{&quot;productid&quot;:&quot;6000201080300&quot;,&quot;skus&quot;:[[{&quot;skuid&quot;:&quot;6000201080300&quot;,&quot;minOrderQuantity&quot;:1,&quot;status&quot;:&quot;&quot;,&quot;eligibility_type&quot;:&quot;&quot;,&quot;date&quot;:&quot;&quot;,&quot;mfgr_sugd_rtl_amt&quot;:&quot;&quot;,&quot;price_comparison_qty&quot;:&quot;&quot;,&quot;price_comparison_unit&quot;:&quot;&quot;}]]}"> <input type="hidden" class="productQueryData" value="{&quot;6000201080299&quot;:[{&quot;sku&quot;:&quot;6000201080300&quot;,&quot;upc&quot;:[]}]}"> <input type="hidden" class="offerID" data-bind="attr: { value: $data.offerId }" value="6000201080300"> </div> </article>
<!-- /ko --> <!-- ko with: selectedVariant('6000001843797') -->
<div class="shelf-spacer"></div><article class="dynamic-cart-thumb stock-up-thumb product thumb-10287483 wgrid-2wAny marg-l-0" id="thumb-10287483" data-bind="css: { 'qty-toggle': $root.findCartItemByRollupId('6000001843797') }" data-rollup-id="6000001843797" data-automation="stock-up-thumb"> <div class="thumb-inner-wrap nutrition-enable nutrition-icon-enable"> <a class="product-link" data-bind="click: function() {$root.navigateToPip($data.availability().statusOnline.viewGroceryEligible &amp;&amp; $root.siteExperience() == 'gm', '/en/ip/yop-by-yoplait-vanilla-drinkable-yogurt/6000001843797')}, attr: {href: !($data.availability().statusOnline.viewGroceryEligible &amp;&amp; $root.siteExperience() == 'gm') ? '/en/ip/yop-by-yoplait-vanilla-drinkable-yogurt/6000001843797' : ''}" href="/en/ip/yop-by-yoplait-vanilla-drinkable-yogurt/6000001843797"> <div class="badge-container"> <!-- ko template: { name: 'product-badges', if: !!$data.badgesAnalytics(), data: { badges: badges, badgesAnalytics: badgesAnalytics, screenReaderHidden : true } } --><!-- /ko --> <!-- ko ifnot: $data.badgesAnalytics() --> <span class="badge"></span> <!-- /ko --> </div> <div aria-hidden="true" data-bind="template: { name: 'dynamic-thumb-qty-template', data: {item: $root.findCartItemByRollupId('6000001843797'), variants: 1 }}">

	<!--ko if: $data.item != null --><!-- /ko -->
</div> <div class="centered-img"> <div class="cmp-atc-thmb-wrp"> <span class="cmp-atc-thmb-state">✔</span><span class="cmp-atc-thmb-copy mobile-hide"></span> </div> <div class="centered-img-wrap"> <img alt="" class="image lazy-img" src="data:image/gif;base64,R0lGODlhAQABAIAAAAAAAP///yH5BAEAAAAALAAAAAABAAEAAAIBRAA7" data-original="//i5.walmartimages.ca/images/Thumbnails/183/640/6000202183640.jpg?odnBound=200" width="200" height="200"> </div> </div> <div class="product-details-container"> <div class="details"> <div class="title" aria-label="Yop by Yoplait Vanilla Drinkable Yogurt."> <h2 class="thumb-header">Yop by Yoplait Vanilla Drinkable Yogurt</h2> </div> <!-- ko template: { name: 'product-badges', if: !!$data.badgesAnalytics(), data: { badges: badges, badgesAnalytics: badgesAnalytics, screenReaderHidden : false } } --><!-- /ko --> <div class="only-for-screen-reader" data-bind="template: { name: 'dynamic-thumb-qty-template-only-for-screen-reader', data: {item: $root.findCartItemByRollupId('6000001843797'), variants: 1 }}">

	<!--ko if: $data.item != null --><!-- /ko -->
</div> <div class="description" aria-label="200 mL."> 200 mL </div> <div class="fade"></div> </div> <div class="ratings" data-automation="stock-up-ratings"> <div class="stars rating-0_0" aria-label="This product has not been rated." data-bind="template: { name: 'star-ratings' }">
	 <i class="star"></i>  <i class="star"></i>  <i class="star"></i>  <i class="star"></i>  <i class="star"></i> 
</div> <span class="review-count" aria-label="This product hasn’t been reviewed.">0 Reviews</span> <div class="fade"></div> </div> <div class="pricing-spacer" data-bind="component: { name: 'was-pricing', params: availability().pricing }"><div class="price-was" data-bind="html: wasPriceDisplay">Was <span><span>$</span>1.14</span></div><div class="price-cover"></div><div class="price-cover-percent"></div><div class="price-unit" data-bind="template: {name: &quot;price-per-unit-tooltip-template&quot;, data: pricePerUnit, afterRender: $root.initPricingPopup }">
	<a class="popup-opener popup-align-left price-unit-tooltip" data-title-headline="" data-title="This is a unit of measurement to help you compare the value of this item. Please know, this is not the price of the item itself." data-bind="text: $data, attr:{'aria-label' : '. Price is measured as ' + $data}" aria-label=". Price is measured as 39¢/100ml">39¢/100ml</a>
</div></div> <span class="all-price-sections"> <!-- ko ifnot: availability().pricing.mapPrice --> <div class="only-for-screen-reader" id="price">Price</div> <div class="price-current" data-bind="component: { name: 'current-pricing', params: { price: availability().pricing, simpleFormatting: true } }, css: { ranged: availability().pricing.ranged }"><div data-bind="possibleRangedCurrencyText: { data: price, simpleFormatting: simpleFormatting } ">78¢</div><div data-bind="template: {name: &quot;analytics-price-template&quot;, data: price, afterRender: $root.initVariableWeightPopup }">
	<span style="display:none;" data-analytics-type="product-price" class="product-price-analytics" data-analytics-value="0.78" data-bind="attr: { 'data-analytics-value': $data }">
	</span>
</div></div> <!-- /ko --> <!-- ko if: availability().pricing.mapPrice --><!-- /ko --> </span> </div> </a> <!-- ko if: true --> <div class="flyout-menu-trigger product-nutritionInfo" id="tooltip-6000001843797" aria-describedby="tooltip-desc-6000001843797" role="tooltip"> <button class="product-nutritionInfo-icon nutrition-icon-visible" aria-label="Nutritional Icon"></button> <div class="flyout-menu-wrap" analytics-trigger="analytics-ghs" analytics-data="ingredients" aria-expanded="false"> <button class="closeButton" aria-label="Nutritional Close"></button> <i class="arrow up"></i> <div class="flyout-menu-content"> <h3>Ingredients</h3> <div class="ingredients_content"> <p class="dietaryInfo" id="6000001843797"></p> </div> </div> </div> </div> <!-- /ko --> <div class="cart-qty-wrap"> <div class="floater"> <!-- ko ifnot : $root.findCartItemByRollupId('6000001843797') --> <!-- ko template: {
						name: 'a2c-or-next-order-button',
						data: {
							selectedVariant: $data,
							amendableOrder: $data.amendableOrder(),
							CTA: $data.CTA(),
							viewGrocery: $data.availability().statusOnline.viewGroceryEligible && $root.siteExperience() == "gm",
							detailUrl: "/en/ip/yop-by-yoplait-vanilla-drinkable-yogurt/6000001843797",
							trackingUrl: "",
							clickBeacon: ""
						}
					}
					-->
	<!-- ko if: $data.amendableOrder.allCallsAreSynchronized -->
		<!-- ko if: $data.amendableOrder.show --><!-- /ko -->

		<!-- ko ifnot: $data.amendableOrder.show -->

			
			<!-- ko if: $data.CTA.hasAvailableStatus && !!$data.CTA.text && !$data.viewGrocery -->
			<button class="button add-to-cart-btn limited-stock" data-bind="visible: $data.CTA.hasAvailableStatus, show: (!!$data.CTA.text), css: $data.CTA.status, attr: { 'data-click-tracking-url': $data.trackingUrl, 'data-click-beacon': $data.clickBeacon, 'aria-label': $data.CTA.status + ', ' + $data.CTA.text}" data-click-tracking-url="" data-click-beacon="" aria-label="limited-stock, Add to cart">
				<span class="ribbon-arrow" data-bind="html: $data.CTA.ribbonText, show: $data.CTA.ribbon">Limited Stock</span>
				<span class="btn-txt" data-bind="text: $data.CTA.text">Add to cart</span>
				<span class="loading-icon"></span>
			</button>
			<!-- /ko -->

			
			<!-- ko if: !$data.CTA.hasAvailableStatus && !!$data.CTA.text --><!-- /ko -->

			
			<!-- ko if: !$data.CTA.hasAvailableStatus && !$data.CTA.text --><!--/ko-->

			
			<!-- ko if: $data.CTA.hasAvailableStatus && !!$data.CTA.text  && $data.viewGrocery --><!-- /ko -->

		<!-- /ko -->

		<input type="hidden" data-bind="attr: { 'data-analytics-status-online': $data.selectedVariant.availability().statusOnline.status }" data-analytics-status-online="Available">
		<input type="hidden" data-bind="attr: { 'data-analytics-status-store': $data.selectedVariant.availability().statusStore.status }" data-analytics-status-store="">

	<!-- /ko -->
<!-- /ko --> <!-- /ko --> <!-- ko if : $root.findCartItemByRollupId('6000001843797') --><!-- /ko --> </div> </div> <input type="hidden" class="numSkus" value="1"> <input type="hidden" class="primary_parent_id" value="6000195507615"> <input type="hidden" class="categoryID" value="6000195507615"> <input type="hidden" class="displayTooltip" value="true"> <input type="hidden" class="productRollupID" value="6000001843797"> <input type="hidden" class="productID" value="10287483"> <input type="hidden" class="productSkus" value="{&quot;productid&quot;:&quot;10287483&quot;,&quot;skus&quot;:[[{&quot;skuid&quot;:&quot;10287483&quot;,&quot;minOrderQuantity&quot;:1,&quot;status&quot;:&quot;&quot;,&quot;eligibility_type&quot;:&quot;&quot;,&quot;date&quot;:&quot;&quot;,&quot;mfgr_sugd_rtl_amt&quot;:&quot;&quot;,&quot;price_comparison_qty&quot;:&quot;&quot;,&quot;price_comparison_unit&quot;:&quot;ML&quot;}]]}"> <input type="hidden" class="productQueryData" value="{&quot;6000001843797&quot;:[{&quot;sku&quot;:&quot;10287483&quot;,&quot;upc&quot;:[]}]}"> <input type="hidden" class="offerID" data-bind="attr: { value: $data.offerId }" value="10287483"> </div> </article>
<!-- /ko --> <!-- ko with: selectedVariant('6000201423066') -->
<article class="dynamic-cart-thumb stock-up-thumb product thumb-6000201423067 wgrid-2wAny" id="thumb-6000201423067" data-bind="css: { 'qty-toggle': $root.findCartItemByRollupId('6000201423066') }" data-rollup-id="6000201423066" data-automation="stock-up-thumb"> <div class="thumb-inner-wrap nutrition-enable nutrition-icon-enable"> <a class="product-link" data-bind="click: function() {$root.navigateToPip($data.availability().statusOnline.viewGroceryEligible &amp;&amp; $root.siteExperience() == 'gm', '/en/ip/international-delight-peppermint-mocha/6000201423066')}, attr: {href: !($data.availability().statusOnline.viewGroceryEligible &amp;&amp; $root.siteExperience() == 'gm') ? '/en/ip/international-delight-peppermint-mocha/6000201423066' : ''}" href="/en/ip/international-delight-peppermint-mocha/6000201423066"> <div class="badge-container"> <!-- ko template: { name: 'product-badges', if: !!$data.badgesAnalytics(), data: { badges: badges, badgesAnalytics: badgesAnalytics, screenReaderHidden : true } } --><!-- /ko --> <!-- ko ifnot: $data.badgesAnalytics() --> <span class="badge"></span> <!-- /ko --> </div> <div aria-hidden="true" data-bind="template: { name: 'dynamic-thumb-qty-template', data: {item: $root.findCartItemByRollupId('6000201423066'), variants: 1 }}">

	<!--ko if: $data.item != null --><!-- /ko -->
</div> <div class="centered-img"> <div class="cmp-atc-thmb-wrp"> <span class="cmp-atc-thmb-state">✔</span><span class="cmp-atc-thmb-copy mobile-hide"></span> </div> <div class="centered-img-wrap"> <img alt="" class="image lazy-img" src="data:image/gif;base64,R0lGODlhAQABAIAAAAAAAP///yH5BAEAAAAALAAAAAABAAEAAAIBRAA7" data-original="//i5.walmartimages.ca/images/Thumbnails/457/476/6000202457476.jpg?odnBound=200" width="200" height="200"> </div> </div> <div class="product-details-container"> <div class="details"> <div class="title" aria-label="International Delight Peppermint Mocha."> <h2 class="thumb-header">International Delight Peppermint Mocha</h2> </div> <!-- ko template: { name: 'product-badges', if: !!$data.badgesAnalytics(), data: { badges: badges, badgesAnalytics: badgesAnalytics, screenReaderHidden : false } } --><!-- /ko --> <div class="only-for-screen-reader" data-bind="template: { name: 'dynamic-thumb-qty-template-only-for-screen-reader', data: {item: $root.findCartItemByRollupId('6000201423066'), variants: 1 }}">

	<!--ko if: $data.item != null --><!-- /ko -->
</div> <div class="description" aria-label="946ML."> 946ML </div> <div class="fade"></div> </div> <div class="ratings" data-automation="stock-up-ratings"> <div class="stars rating-3_0" aria-label="This product is rated 3 stars out of 5 stars," data-bind="template: { name: 'star-ratings' }">
	 <i class="star"></i>  <i class="star"></i>  <i class="star"></i>  <i class="star"></i>  <i class="star"></i> 
</div> <span class="review-count" aria-label="based on 2 reviews.">2 Reviews</span> <div class="fade"></div> </div> <div class="pricing-spacer" data-bind="component: { name: 'was-pricing', params: availability().pricing }"><div class="price-was" data-bind="html: wasPriceDisplay"></div><div class="price-cover"></div><div class="price-cover-percent"></div><div class="price-unit" data-bind="template: {name: &quot;price-per-unit-tooltip-template&quot;, data: pricePerUnit, afterRender: $root.initPricingPopup }">
	<a class="popup-opener popup-align-left price-unit-tooltip" data-title-headline="" data-title="This is a unit of measurement to help you compare the value of this item. Please know, this is not the price of the item itself." data-bind="text: $data, attr:{'aria-label' : '. Price is measured as ' + $data}" aria-label=". Price is measured as $447/100ml">$447/100ml</a>
</div></div> <span class="all-price-sections"> <!-- ko ifnot: availability().pricing.mapPrice --> <div class="only-for-screen-reader" id="price">Price</div> <div class="price-current" data-bind="component: { name: 'current-pricing', params: { price: availability().pricing, simpleFormatting: true } }, css: { ranged: availability().pricing.ranged }"><div data-bind="possibleRangedCurrencyText: { data: price, simpleFormatting: simpleFormatting } "><span>$</span>4.47</div><div data-bind="template: {name: &quot;analytics-price-template&quot;, data: price, afterRender: $root.initVariableWeightPopup }">
	<span style="display:none;" data-analytics-type="product-price" class="product-price-analytics" data-analytics-value="4.47" data-bind="attr: { 'data-analytics-value': $data }">
	</span>
</div></div> <!-- /ko --> <!-- ko if: availability().pricing.mapPrice --><!-- /ko --> </span> </div> </a> <!-- ko if: true --> <div class="flyout-menu-trigger product-nutritionInfo" id="tooltip-6000201423066" aria-describedby="tooltip-desc-6000201423066" role="tooltip"> <button class="product-nutritionInfo-icon nutrition-icon-visible" aria-label="Nutritional Icon"></button> <div class="flyout-menu-wrap" analytics-trigger="analytics-ghs" analytics-data="ingredients" aria-expanded="false"> <button class="closeButton" aria-label="Nutritional Close"></button> <i class="arrow up"></i> <div class="flyout-menu-content"> <h3>Ingredients</h3> <div class="ingredients_content"> <p class="dietaryInfo" id="6000201423066"></p> </div> </div> </div> </div> <!-- /ko --> <div class="cart-qty-wrap"> <div class="floater"> <!-- ko ifnot : $root.findCartItemByRollupId('6000201423066') --> <!-- ko template: {
						name: 'a2c-or-next-order-button',
						data: {
							selectedVariant: $data,
							amendableOrder: $data.amendableOrder(),
							CTA: $data.CTA(),
							viewGrocery: $data.availability().statusOnline.viewGroceryEligible && $root.siteExperience() == "gm",
							detailUrl: "/en/ip/international-delight-peppermint-mocha/6000201423066",
							trackingUrl: "",
							clickBeacon: ""
						}
					}
					-->
	<!-- ko if: $data.amendableOrder.allCallsAreSynchronized -->
		<!-- ko if: $data.amendableOrder.show --><!-- /ko -->

		<!-- ko ifnot: $data.amendableOrder.show -->

			
			<!-- ko if: $data.CTA.hasAvailableStatus && !!$data.CTA.text && !$data.viewGrocery -->
			<button class="button add-to-cart-btn limited-stock" data-bind="visible: $data.CTA.hasAvailableStatus, show: (!!$data.CTA.text), css: $data.CTA.status, attr: { 'data-click-tracking-url': $data.trackingUrl, 'data-click-beacon': $data.clickBeacon, 'aria-label': $data.CTA.status + ', ' + $data.CTA.text}" data-click-tracking-url="" data-click-beacon="" aria-label="limited-stock, Add to cart">
				<span class="ribbon-arrow" data-bind="html: $data.CTA.ribbonText, show: $data.CTA.ribbon">Limited Stock</span>
				<span class="btn-txt" data-bind="text: $data.CTA.text">Add to cart</span>
				<span class="loading-icon"></span>
			</button>
			<!-- /ko -->

			
			<!-- ko if: !$data.CTA.hasAvailableStatus && !!$data.CTA.text --><!-- /ko -->

			
			<!-- ko if: !$data.CTA.hasAvailableStatus && !$data.CTA.text --><!--/ko-->

			
			<!-- ko if: $data.CTA.hasAvailableStatus && !!$data.CTA.text  && $data.viewGrocery --><!-- /ko -->

		<!-- /ko -->

		<input type="hidden" data-bind="attr: { 'data-analytics-status-online': $data.selectedVariant.availability().statusOnline.status }" data-analytics-status-online="Available">
		<input type="hidden" data-bind="attr: { 'data-analytics-status-store': $data.selectedVariant.availability().statusStore.status }" data-analytics-status-store="">

	<!-- /ko -->
<!-- /ko --> <!-- /ko --> <!-- ko if : $root.findCartItemByRollupId('6000201423066') --><!-- /ko --> </div> </div> <input type="hidden" class="numSkus" value="1"> <input type="hidden" class="primary_parent_id" value="6000194349396"> <input type="hidden" class="categoryID" value="6000194349396"> <input type="hidden" class="displayTooltip" value="true"> <input type="hidden" class="productRollupID" value="6000201423066"> <input type="hidden" class="productID" value="6000201423067"> <input type="hidden" class="productSkus" value="{&quot;productid&quot;:&quot;6000201423067&quot;,&quot;skus&quot;:[[{&quot;skuid&quot;:&quot;6000201423067&quot;,&quot;minOrderQuantity&quot;:1,&quot;status&quot;:&quot;&quot;,&quot;eligibility_type&quot;:&quot;&quot;,&quot;date&quot;:&quot;&quot;,&quot;mfgr_sugd_rtl_amt&quot;:&quot;&quot;,&quot;price_comparison_qty&quot;:&quot;&quot;,&quot;price_comparison_unit&quot;:&quot;&quot;}]]}"> <input type="hidden" class="productQueryData" value="{&quot;6000201423066&quot;:[{&quot;sku&quot;:&quot;6000201423067&quot;,&quot;upc&quot;:[]}]}"> <input type="hidden" class="offerID" data-bind="attr: { value: $data.offerId }" value="6000201423067"> </div> </article>
<!-- /ko --> <!-- ko with: selectedVariant('6000100601594') -->
<article class="dynamic-cart-thumb stock-up-thumb product thumb-10221381 wgrid-2wAny" id="thumb-10221381" data-bind="css: { 'qty-toggle': $root.findCartItemByRollupId('6000100601594') }" data-rollup-id="6000100601594" data-automation="stock-up-thumb"> <div class="thumb-inner-wrap nutrition-enable nutrition-icon-enable"> <a class="product-link" data-bind="click: function() {$root.navigateToPip($data.availability().statusOnline.viewGroceryEligible &amp;&amp; $root.siteExperience() == 'gm', '/en/ip/activia-yogurt-with-probiotics-strawberryblueberryraspberrypeach-flavour-100g-pack-of-12/6000100601594')}, attr: {href: !($data.availability().statusOnline.viewGroceryEligible &amp;&amp; $root.siteExperience() == 'gm') ? '/en/ip/activia-yogurt-with-probiotics-strawberryblueberryraspberrypeach-flavour-100g-pack-of-12/6000100601594' : ''}" href="/en/ip/activia-yogurt-with-probiotics-strawberryblueberryraspberrypeach-flavour-100g-pack-of-12/6000100601594"> <div class="badge-container"> <!-- ko template: { name: 'product-badges', if: !!$data.badgesAnalytics(), data: { badges: badges, badgesAnalytics: badgesAnalytics, screenReaderHidden : true } } --><!-- /ko --> <!-- ko ifnot: $data.badgesAnalytics() --> <span class="badge"></span> <!-- /ko --> </div> <div aria-hidden="true" data-bind="template: { name: 'dynamic-thumb-qty-template', data: {item: $root.findCartItemByRollupId('6000100601594'), variants: 1 }}">

	<!--ko if: $data.item != null --><!-- /ko -->
</div> <div class="centered-img"> <div class="cmp-atc-thmb-wrp"> <span class="cmp-atc-thmb-state">✔</span><span class="cmp-atc-thmb-copy mobile-hide"></span> </div> <div class="centered-img-wrap"> <img alt="" class="image lazy-img" src="data:image/gif;base64,R0lGODlhAQABAIAAAAAAAP///yH5BAEAAAAALAAAAAABAAEAAAIBRAA7" data-original="//i5.walmartimages.ca/images/Thumbnails/470/928/6000197470928.jpg?odnBound=200" width="200" height="200"> </div> </div> <div class="product-details-container"> <div class="details"> <div class="title" aria-label="Activia Yogurt with Probiotics, Strawberry/Blueberry/Raspberry/Peach Flavour, 100g (Pack of 12)."> <h2 class="thumb-header">Activia Yogurt with Probiotics, Strawberry/Blueberry/Raspberry/Peach Flavour, 100g (Pack of 12)</h2> </div> <!-- ko template: { name: 'product-badges', if: !!$data.badgesAnalytics(), data: { badges: badges, badgesAnalytics: badgesAnalytics, screenReaderHidden : false } } --><!-- /ko --> <div class="only-for-screen-reader" data-bind="template: { name: 'dynamic-thumb-qty-template-only-for-screen-reader', data: {item: $root.findCartItemByRollupId('6000100601594'), variants: 1 }}">

	<!--ko if: $data.item != null --><!-- /ko -->
</div> <div class="description" aria-label="Yogurt."> Yogurt </div> <div class="fade"></div> </div> <div class="ratings" data-automation="stock-up-ratings"> <div class="stars rating-4_0" aria-label="This product is rated 4 stars out of 5 stars," data-bind="template: { name: 'star-ratings' }">
	 <i class="star"></i>  <i class="star"></i>  <i class="star"></i>  <i class="star"></i>  <i class="star"></i> 
</div> <span class="review-count" aria-label="based on 4 reviews.">4 Reviews</span> <div class="fade"></div> </div> <div class="pricing-spacer" data-bind="component: { name: 'was-pricing', params: availability().pricing }"><div class="price-was" data-bind="html: wasPriceDisplay">Was <span><span>$</span>5.97</span></div><div class="price-cover"></div><div class="price-cover-percent"></div><div class="price-unit" data-bind="template: {name: &quot;price-per-unit-tooltip-template&quot;, data: pricePerUnit, afterRender: $root.initPricingPopup }">
	<a class="popup-opener popup-align-left price-unit-tooltip" data-title-headline="" data-title="This is a unit of measurement to help you compare the value of this item. Please know, this is not the price of the item itself." data-bind="text: $data, attr:{'aria-label' : '. Price is measured as ' + $data}" aria-label=". Price is measured as 41¢/100g">41¢/100g</a>
</div></div> <span class="all-price-sections"> <!-- ko ifnot: availability().pricing.mapPrice --> <div class="only-for-screen-reader" id="price">Price</div> <div class="price-current" data-bind="component: { name: 'current-pricing', params: { price: availability().pricing, simpleFormatting: true } }, css: { ranged: availability().pricing.ranged }"><div data-bind="possibleRangedCurrencyText: { data: price, simpleFormatting: simpleFormatting } "><span>$</span>4.97</div><div data-bind="template: {name: &quot;analytics-price-template&quot;, data: price, afterRender: $root.initVariableWeightPopup }">
	<span style="display:none;" data-analytics-type="product-price" class="product-price-analytics" data-analytics-value="4.97" data-bind="attr: { 'data-analytics-value': $data }">
	</span>
</div></div> <!-- /ko --> <!-- ko if: availability().pricing.mapPrice --><!-- /ko --> </span> </div> </a> <!-- ko if: true --> <div class="flyout-menu-trigger product-nutritionInfo" id="tooltip-6000100601594" aria-describedby="tooltip-desc-6000100601594" role="tooltip"> <button class="product-nutritionInfo-icon nutrition-icon-visible" aria-label="Nutritional Icon"></button> <div class="flyout-menu-wrap" analytics-trigger="analytics-ghs" analytics-data="ingredients" aria-expanded="false"> <button class="closeButton" aria-label="Nutritional Close"></button> <i class="arrow up"></i> <div class="flyout-menu-content"> <h3>Ingredients</h3> <div class="ingredients_content"> <p class="dietaryInfo" id="6000100601594"></p> </div> </div> </div> </div> <!-- /ko --> <div class="cart-qty-wrap"> <div class="floater"> <!-- ko ifnot : $root.findCartItemByRollupId('6000100601594') --> <!-- ko template: {
						name: 'a2c-or-next-order-button',
						data: {
							selectedVariant: $data,
							amendableOrder: $data.amendableOrder(),
							CTA: $data.CTA(),
							viewGrocery: $data.availability().statusOnline.viewGroceryEligible && $root.siteExperience() == "gm",
							detailUrl: "/en/ip/activia-yogurt-with-probiotics-strawberryblueberryraspberrypeach-flavour-100g-pack-of-12/6000100601594",
							trackingUrl: "",
							clickBeacon: ""
						}
					}
					-->
	<!-- ko if: $data.amendableOrder.allCallsAreSynchronized -->
		<!-- ko if: $data.amendableOrder.show --><!-- /ko -->

		<!-- ko ifnot: $data.amendableOrder.show -->

			
			<!-- ko if: $data.CTA.hasAvailableStatus && !!$data.CTA.text && !$data.viewGrocery -->
			<button class="button add-to-cart-btn limited-stock" data-bind="visible: $data.CTA.hasAvailableStatus, show: (!!$data.CTA.text), css: $data.CTA.status, attr: { 'data-click-tracking-url': $data.trackingUrl, 'data-click-beacon': $data.clickBeacon, 'aria-label': $data.CTA.status + ', ' + $data.CTA.text}" data-click-tracking-url="" data-click-beacon="" aria-label="limited-stock, Add to cart">
				<span class="ribbon-arrow" data-bind="html: $data.CTA.ribbonText, show: $data.CTA.ribbon">Limited Stock</span>
				<span class="btn-txt" data-bind="text: $data.CTA.text">Add to cart</span>
				<span class="loading-icon"></span>
			</button>
			<!-- /ko -->

			
			<!-- ko if: !$data.CTA.hasAvailableStatus && !!$data.CTA.text --><!-- /ko -->

			
			<!-- ko if: !$data.CTA.hasAvailableStatus && !$data.CTA.text --><!--/ko-->

			
			<!-- ko if: $data.CTA.hasAvailableStatus && !!$data.CTA.text  && $data.viewGrocery --><!-- /ko -->

		<!-- /ko -->

		<input type="hidden" data-bind="attr: { 'data-analytics-status-online': $data.selectedVariant.availability().statusOnline.status }" data-analytics-status-online="Available">
		<input type="hidden" data-bind="attr: { 'data-analytics-status-store': $data.selectedVariant.availability().statusStore.status }" data-analytics-status-store="">

	<!-- /ko -->
<!-- /ko --> <!-- /ko --> <!-- ko if : $root.findCartItemByRollupId('6000100601594') --><!-- /ko --> </div> </div> <input type="hidden" class="numSkus" value="1"> <input type="hidden" class="primary_parent_id" value="6000195507613"> <input type="hidden" class="categoryID" value="6000195507615"> <input type="hidden" class="displayTooltip" value="true"> <input type="hidden" class="productRollupID" value="6000100601594"> <input type="hidden" class="productID" value="10221381"> <input type="hidden" class="productSkus" value="{&quot;productid&quot;:&quot;10221381&quot;,&quot;skus&quot;:[[{&quot;skuid&quot;:&quot;10221381&quot;,&quot;minOrderQuantity&quot;:1,&quot;status&quot;:&quot;&quot;,&quot;eligibility_type&quot;:&quot;&quot;,&quot;date&quot;:&quot;&quot;,&quot;mfgr_sugd_rtl_amt&quot;:&quot;&quot;,&quot;price_comparison_qty&quot;:&quot;&quot;,&quot;price_comparison_unit&quot;:&quot;GR&quot;}]]}"> <input type="hidden" class="productQueryData" value="{&quot;6000100601594&quot;:[{&quot;sku&quot;:&quot;10221381&quot;,&quot;upc&quot;:[]}]}"> <input type="hidden" class="offerID" data-bind="attr: { value: $data.offerId }" value="10221381"> </div> </article>
<!-- /ko --> <!-- ko with: selectedVariant('6000198861640') -->
<article class="dynamic-cart-thumb stock-up-thumb product thumb-6000198861641 wgrid-2wAny marg-r-0" id="thumb-6000198861641" data-bind="css: { 'qty-toggle': $root.findCartItemByRollupId('6000198861640') }" data-rollup-id="6000198861640" data-automation="stock-up-thumb"> <div class="thumb-inner-wrap nutrition-enable nutrition-icon-enable"> <a class="product-link" data-bind="click: function() {$root.navigateToPip($data.availability().statusOnline.viewGroceryEligible &amp;&amp; $root.siteExperience() == 'gm', '/en/ip/great-value-shredded-nacho-cheese-blend/6000198861640')}, attr: {href: !($data.availability().statusOnline.viewGroceryEligible &amp;&amp; $root.siteExperience() == 'gm') ? '/en/ip/great-value-shredded-nacho-cheese-blend/6000198861640' : ''}" href="/en/ip/great-value-shredded-nacho-cheese-blend/6000198861640"> <div class="badge-container"> <!-- ko template: { name: 'product-badges', if: !!$data.badgesAnalytics(), data: { badges: badges, badgesAnalytics: badgesAnalytics, screenReaderHidden : true } } -->
	<div class="badges" data-analytics-type="badges" data-bind="{ attr: { 'data-analytics-value': $data.badgesAnalytics(), 'aria-hidden' : $data.screenReaderHidden }, css : {'only-for-screen-reader' : !$data.screenReaderHidden} }" data-analytics-value="Exclusive" aria-hidden="true">
		<!-- ko foreach: { data: $data.badges, as: 'badge' } -->
			<!--ko ifnot: badge.isMultiSave -->
			<span class="badge" data-bind="text: badge.text, style: { color: badge.foregroundColor, background: badge.backgroundColor, border: badge.outlineColor }, attr: { id: badge.id, 'aria-label': 'On ' + badge.text + '.' }" id="Walmart Exclusive" aria-label="On Exclusive." style="color: rgb(0, 114, 206); background: rgb(255, 255, 255); border: 1px solid rgb(0, 114, 206);">Exclusive</span>
			<!--/ko-->
		
			<!--ko if: badge.isMultiSave--><!--/ko-->
		
		<!--/ko-->
	</div>
<!-- /ko --> <!-- ko ifnot: $data.badgesAnalytics() --><!-- /ko --> </div> <div aria-hidden="true" data-bind="template: { name: 'dynamic-thumb-qty-template', data: {item: $root.findCartItemByRollupId('6000198861640'), variants: 1 }}">

	<!--ko if: $data.item != null --><!-- /ko -->
</div> <div class="centered-img"> <div class="cmp-atc-thmb-wrp"> <span class="cmp-atc-thmb-state">✔</span><span class="cmp-atc-thmb-copy mobile-hide"></span> </div> <div class="centered-img-wrap"> <img alt="" class="image lazy-img" src="data:image/gif;base64,R0lGODlhAQABAIAAAAAAAP///yH5BAEAAAAALAAAAAABAAEAAAIBRAA7" data-original="//i5.walmartimages.ca/images/Thumbnails/460/944/6000199460944.jpg?odnBound=200" width="200" height="200"> </div> </div> <div class="product-details-container"> <div class="details"> <div class="title" aria-label="Great Value Shredded Nacho Cheese Blend."> <h2 class="thumb-header">Great Value Shredded Nacho Cheese Blend</h2> </div> <!-- ko template: { name: 'product-badges', if: !!$data.badgesAnalytics(), data: { badges: badges, badgesAnalytics: badgesAnalytics, screenReaderHidden : false } } -->
	<div class="badges only-for-screen-reader" data-analytics-type="badges" data-bind="{ attr: { 'data-analytics-value': $data.badgesAnalytics(), 'aria-hidden' : $data.screenReaderHidden }, css : {'only-for-screen-reader' : !$data.screenReaderHidden} }" data-analytics-value="Exclusive">
		<!-- ko foreach: { data: $data.badges, as: 'badge' } -->
			<!--ko ifnot: badge.isMultiSave -->
			<span class="badge" data-bind="text: badge.text, style: { color: badge.foregroundColor, background: badge.backgroundColor, border: badge.outlineColor }, attr: { id: badge.id, 'aria-label': 'On ' + badge.text + '.' }" id="Walmart Exclusive" aria-label="On Exclusive." style="color: rgb(0, 114, 206); background: rgb(255, 255, 255); border: 1px solid rgb(0, 114, 206);">Exclusive</span>
			<!--/ko-->
		
			<!--ko if: badge.isMultiSave--><!--/ko-->
		
		<!--/ko-->
	</div>
<!-- /ko --> <div class="only-for-screen-reader" data-bind="template: { name: 'dynamic-thumb-qty-template-only-for-screen-reader', data: {item: $root.findCartItemByRollupId('6000198861640'), variants: 1 }}">

	<!--ko if: $data.item != null --><!-- /ko -->
</div> <div class="description" aria-label="320 g."> 320 g </div> <div class="fade"></div> </div> <div class="ratings" data-automation="stock-up-ratings"> <div class="stars rating-0_0" aria-label="This product has not been rated." data-bind="template: { name: 'star-ratings' }">
	 <i class="star"></i>  <i class="star"></i>  <i class="star"></i>  <i class="star"></i>  <i class="star"></i> 
</div> <span class="review-count" aria-label="This product hasn’t been reviewed.">0 Reviews</span> <div class="fade"></div> </div> <div class="pricing-spacer" data-bind="component: { name: 'was-pricing', params: availability().pricing }"><div class="price-was" data-bind="html: wasPriceDisplay"></div><div class="price-cover"></div><div class="price-cover-percent"></div><div class="price-unit" data-bind="template: {name: &quot;price-per-unit-tooltip-template&quot;, data: pricePerUnit, afterRender: $root.initPricingPopup }">
	<a class="popup-opener popup-align-left price-unit-tooltip" data-title-headline="" data-title="This is a unit of measurement to help you compare the value of this item. Please know, this is not the price of the item itself." data-bind="text: $data, attr:{'aria-label' : '. Price is measured as ' + $data}" aria-label=". Price is measured as $1.77/100g">$1.77/100g</a>
</div></div> <span class="all-price-sections"> <!-- ko ifnot: availability().pricing.mapPrice --> <div class="only-for-screen-reader" id="price">Price</div> <div class="price-current" data-bind="component: { name: 'current-pricing', params: { price: availability().pricing, simpleFormatting: true } }, css: { ranged: availability().pricing.ranged }"><div data-bind="possibleRangedCurrencyText: { data: price, simpleFormatting: simpleFormatting } "><span>$</span>5.67</div><div data-bind="template: {name: &quot;analytics-price-template&quot;, data: price, afterRender: $root.initVariableWeightPopup }">
	<span style="display:none;" data-analytics-type="product-price" class="product-price-analytics" data-analytics-value="5.67" data-bind="attr: { 'data-analytics-value': $data }">
	</span>
</div></div> <!-- /ko --> <!-- ko if: availability().pricing.mapPrice --><!-- /ko --> </span> </div> </a> <!-- ko if: true --> <div class="flyout-menu-trigger product-nutritionInfo" id="tooltip-6000198861640" aria-describedby="tooltip-desc-6000198861640" role="tooltip"> <button class="product-nutritionInfo-icon nutrition-icon-visible" aria-label="Nutritional Icon"></button> <div class="flyout-menu-wrap" analytics-trigger="analytics-ghs" analytics-data="ingredients" aria-expanded="false"> <button class="closeButton" aria-label="Nutritional Close"></button> <i class="arrow up"></i> <div class="flyout-menu-content"> <h3>Ingredients</h3> <div class="ingredients_content"> <p class="dietaryInfo" id="6000198861640"></p> </div> </div> </div> </div> <!-- /ko --> <div class="cart-qty-wrap"> <div class="floater"> <!-- ko ifnot : $root.findCartItemByRollupId('6000198861640') --> <!-- ko template: {
						name: 'a2c-or-next-order-button',
						data: {
							selectedVariant: $data,
							amendableOrder: $data.amendableOrder(),
							CTA: $data.CTA(),
							viewGrocery: $data.availability().statusOnline.viewGroceryEligible && $root.siteExperience() == "gm",
							detailUrl: "/en/ip/great-value-shredded-nacho-cheese-blend/6000198861640",
							trackingUrl: "",
							clickBeacon: ""
						}
					}
					-->
	<!-- ko if: $data.amendableOrder.allCallsAreSynchronized -->
		<!-- ko if: $data.amendableOrder.show --><!-- /ko -->

		<!-- ko ifnot: $data.amendableOrder.show -->

			
			<!-- ko if: $data.CTA.hasAvailableStatus && !!$data.CTA.text && !$data.viewGrocery -->
			<button class="button add-to-cart-btn limited-stock" data-bind="visible: $data.CTA.hasAvailableStatus, show: (!!$data.CTA.text), css: $data.CTA.status, attr: { 'data-click-tracking-url': $data.trackingUrl, 'data-click-beacon': $data.clickBeacon, 'aria-label': $data.CTA.status + ', ' + $data.CTA.text}" data-click-tracking-url="" data-click-beacon="" aria-label="limited-stock, Add to cart">
				<span class="ribbon-arrow" data-bind="html: $data.CTA.ribbonText, show: $data.CTA.ribbon">Limited Stock</span>
				<span class="btn-txt" data-bind="text: $data.CTA.text">Add to cart</span>
				<span class="loading-icon"></span>
			</button>
			<!-- /ko -->

			
			<!-- ko if: !$data.CTA.hasAvailableStatus && !!$data.CTA.text --><!-- /ko -->

			
			<!-- ko if: !$data.CTA.hasAvailableStatus && !$data.CTA.text --><!--/ko-->

			
			<!-- ko if: $data.CTA.hasAvailableStatus && !!$data.CTA.text  && $data.viewGrocery --><!-- /ko -->

		<!-- /ko -->

		<input type="hidden" data-bind="attr: { 'data-analytics-status-online': $data.selectedVariant.availability().statusOnline.status }" data-analytics-status-online="Available">
		<input type="hidden" data-bind="attr: { 'data-analytics-status-store': $data.selectedVariant.availability().statusStore.status }" data-analytics-status-store="">

	<!-- /ko -->
<!-- /ko --> <!-- /ko --> <!-- ko if : $root.findCartItemByRollupId('6000198861640') --><!-- /ko --> </div> </div> <input type="hidden" class="numSkus" value="1"> <input type="hidden" class="primary_parent_id" value="6000194349393"> <input type="hidden" class="categoryID" value="6000194349393"> <input type="hidden" class="displayTooltip" value="true"> <input type="hidden" class="productRollupID" value="6000198861640"> <input type="hidden" class="productID" value="6000198861641"> <input type="hidden" class="productSkus" value="{&quot;productid&quot;:&quot;6000198861641&quot;,&quot;skus&quot;:[[{&quot;skuid&quot;:&quot;6000198861641&quot;,&quot;minOrderQuantity&quot;:1,&quot;status&quot;:&quot;&quot;,&quot;eligibility_type&quot;:&quot;&quot;,&quot;date&quot;:&quot;&quot;,&quot;mfgr_sugd_rtl_amt&quot;:&quot;&quot;,&quot;price_comparison_qty&quot;:&quot;&quot;,&quot;price_comparison_unit&quot;:&quot;GR&quot;}]]}"> <input type="hidden" class="productQueryData" value="{&quot;6000198861640&quot;:[{&quot;sku&quot;:&quot;6000198861641&quot;,&quot;upc&quot;:[]}]}"> <input type="hidden" class="offerID" data-bind="attr: { value: $data.offerId }" value="6000198861641"> </div> </article>
<!-- /ko --> <!-- ko with: selectedVariant('6000001843135') -->
<div class="shelf-spacer"></div><article class="dynamic-cart-thumb stock-up-thumb product thumb-10287007 wgrid-2wAny marg-l-0" id="thumb-10287007" data-bind="css: { 'qty-toggle': $root.findCartItemByRollupId('6000001843135') }" data-rollup-id="6000001843135" data-automation="stock-up-thumb"> <div class="thumb-inner-wrap nutrition-enable nutrition-icon-enable"> <a class="product-link" data-bind="click: function() {$root.navigateToPip($data.availability().statusOnline.viewGroceryEligible &amp;&amp; $root.siteExperience() == 'gm', '/en/ip/tubes-by-yoplait-graperaspberry-yogurt/6000001843135')}, attr: {href: !($data.availability().statusOnline.viewGroceryEligible &amp;&amp; $root.siteExperience() == 'gm') ? '/en/ip/tubes-by-yoplait-graperaspberry-yogurt/6000001843135' : ''}" href="/en/ip/tubes-by-yoplait-graperaspberry-yogurt/6000001843135"> <div class="badge-container"> <!-- ko template: { name: 'product-badges', if: !!$data.badgesAnalytics(), data: { badges: badges, badgesAnalytics: badgesAnalytics, screenReaderHidden : true } } --><!-- /ko --> <!-- ko ifnot: $data.badgesAnalytics() --> <span class="badge"></span> <!-- /ko --> </div> <div aria-hidden="true" data-bind="template: { name: 'dynamic-thumb-qty-template', data: {item: $root.findCartItemByRollupId('6000001843135'), variants: 1 }}">

	<!--ko if: $data.item != null --><!-- /ko -->
</div> <div class="centered-img"> <div class="cmp-atc-thmb-wrp"> <span class="cmp-atc-thmb-state">✔</span><span class="cmp-atc-thmb-copy mobile-hide"></span> </div> <div class="centered-img-wrap"> <img alt="" class="image lazy-img" src="data:image/gif;base64,R0lGODlhAQABAIAAAAAAAP///yH5BAEAAAAALAAAAAABAAEAAAIBRAA7" data-original="//i5.walmartimages.ca/images/Thumbnails/709/829/6000201709829.jpg?odnBound=200" width="200" height="200"> </div> </div> <div class="product-details-container"> <div class="details"> <div class="title" aria-label="Tubes by Yoplait Grape/Raspberry Yogurt."> <h2 class="thumb-header">Tubes by Yoplait Grape/Raspberry Yogurt</h2> </div> <!-- ko template: { name: 'product-badges', if: !!$data.badgesAnalytics(), data: { badges: badges, badgesAnalytics: badgesAnalytics, screenReaderHidden : false } } --><!-- /ko --> <div class="only-for-screen-reader" data-bind="template: { name: 'dynamic-thumb-qty-template-only-for-screen-reader', data: {item: $root.findCartItemByRollupId('6000001843135'), variants: 1 }}">

	<!--ko if: $data.item != null --><!-- /ko -->
</div> <div class="description" aria-label="8 x 60 g."> 8 x 60 g </div> <div class="fade"></div> </div> <div class="ratings" data-automation="stock-up-ratings"> <div class="stars rating-4_0" aria-label="This product is rated 4 stars out of 5 stars," data-bind="template: { name: 'star-ratings' }">
	 <i class="star"></i>  <i class="star"></i>  <i class="star"></i>  <i class="star"></i>  <i class="star"></i> 
</div> <span class="review-count" aria-label="based on 1 review.">1 Review</span> <div class="fade"></div> </div> <div class="pricing-spacer" data-bind="component: { name: 'was-pricing', params: availability().pricing }"><div class="price-was" data-bind="html: wasPriceDisplay"></div><div class="price-cover"></div><div class="price-cover-percent"></div><div class="price-unit" data-bind="template: {name: &quot;price-per-unit-tooltip-template&quot;, data: pricePerUnit, afterRender: $root.initPricingPopup }">
	<a class="popup-opener popup-align-left price-unit-tooltip" data-title-headline="" data-title="This is a unit of measurement to help you compare the value of this item. Please know, this is not the price of the item itself." data-bind="text: $data, attr:{'aria-label' : '. Price is measured as ' + $data}" aria-label=". Price is measured as 62¢/100g">62¢/100g</a>
</div></div> <span class="all-price-sections"> <!-- ko ifnot: availability().pricing.mapPrice --> <div class="only-for-screen-reader" id="price">Price</div> <div class="price-current" data-bind="component: { name: 'current-pricing', params: { price: availability().pricing, simpleFormatting: true } }, css: { ranged: availability().pricing.ranged }"><div data-bind="possibleRangedCurrencyText: { data: price, simpleFormatting: simpleFormatting } "><span>$</span>2.98</div><div data-bind="template: {name: &quot;analytics-price-template&quot;, data: price, afterRender: $root.initVariableWeightPopup }">
	<span style="display:none;" data-analytics-type="product-price" class="product-price-analytics" data-analytics-value="2.98" data-bind="attr: { 'data-analytics-value': $data }">
	</span>
</div></div> <!-- /ko --> <!-- ko if: availability().pricing.mapPrice --><!-- /ko --> </span> </div> </a> <!-- ko if: true --> <div class="flyout-menu-trigger product-nutritionInfo" id="tooltip-6000001843135" aria-describedby="tooltip-desc-6000001843135" role="tooltip"> <button class="product-nutritionInfo-icon nutrition-icon-visible" aria-label="Nutritional Icon"></button> <div class="flyout-menu-wrap" analytics-trigger="analytics-ghs" analytics-data="ingredients" aria-expanded="false"> <button class="closeButton" aria-label="Nutritional Close"></button> <i class="arrow up"></i> <div class="flyout-menu-content"> <h3>Ingredients</h3> <div class="ingredients_content"> <p class="dietaryInfo" id="6000001843135"></p> </div> </div> </div> </div> <!-- /ko --> <div class="cart-qty-wrap"> <div class="floater"> <!-- ko ifnot : $root.findCartItemByRollupId('6000001843135') --> <!-- ko template: {
						name: 'a2c-or-next-order-button',
						data: {
							selectedVariant: $data,
							amendableOrder: $data.amendableOrder(),
							CTA: $data.CTA(),
							viewGrocery: $data.availability().statusOnline.viewGroceryEligible && $root.siteExperience() == "gm",
							detailUrl: "/en/ip/tubes-by-yoplait-graperaspberry-yogurt/6000001843135",
							trackingUrl: "",
							clickBeacon: ""
						}
					}
					-->
	<!-- ko if: $data.amendableOrder.allCallsAreSynchronized -->
		<!-- ko if: $data.amendableOrder.show --><!-- /ko -->

		<!-- ko ifnot: $data.amendableOrder.show -->

			
			<!-- ko if: $data.CTA.hasAvailableStatus && !!$data.CTA.text && !$data.viewGrocery -->
			<button class="button add-to-cart-btn limited-stock" data-bind="visible: $data.CTA.hasAvailableStatus, show: (!!$data.CTA.text), css: $data.CTA.status, attr: { 'data-click-tracking-url': $data.trackingUrl, 'data-click-beacon': $data.clickBeacon, 'aria-label': $data.CTA.status + ', ' + $data.CTA.text}" data-click-tracking-url="" data-click-beacon="" aria-label="limited-stock, Add to cart">
				<span class="ribbon-arrow" data-bind="html: $data.CTA.ribbonText, show: $data.CTA.ribbon">Limited Stock</span>
				<span class="btn-txt" data-bind="text: $data.CTA.text">Add to cart</span>
				<span class="loading-icon"></span>
			</button>
			<!-- /ko -->

			
			<!-- ko if: !$data.CTA.hasAvailableStatus && !!$data.CTA.text --><!-- /ko -->

			
			<!-- ko if: !$data.CTA.hasAvailableStatus && !$data.CTA.text --><!--/ko-->

			
			<!-- ko if: $data.CTA.hasAvailableStatus && !!$data.CTA.text  && $data.viewGrocery --><!-- /ko -->

		<!-- /ko -->

		<input type="hidden" data-bind="attr: { 'data-analytics-status-online': $data.selectedVariant.availability().statusOnline.status }" data-analytics-status-online="Available">
		<input type="hidden" data-bind="attr: { 'data-analytics-status-store': $data.selectedVariant.availability().statusStore.status }" data-analytics-status-store="">

	<!-- /ko -->
<!-- /ko --> <!-- /ko --> <!-- ko if : $root.findCartItemByRollupId('6000001843135') --><!-- /ko --> </div> </div> <input type="hidden" class="numSkus" value="1"> <input type="hidden" class="primary_parent_id" value="6000195507614"> <input type="hidden" class="categoryID" value="6000195507614"> <input type="hidden" class="displayTooltip" value="true"> <input type="hidden" class="productRollupID" value="6000001843135"> <input type="hidden" class="productID" value="10287007"> <input type="hidden" class="productSkus" value="{&quot;productid&quot;:&quot;10287007&quot;,&quot;skus&quot;:[[{&quot;skuid&quot;:&quot;10287007&quot;,&quot;minOrderQuantity&quot;:1,&quot;status&quot;:&quot;&quot;,&quot;eligibility_type&quot;:&quot;&quot;,&quot;date&quot;:&quot;&quot;,&quot;mfgr_sugd_rtl_amt&quot;:&quot;&quot;,&quot;price_comparison_qty&quot;:&quot;&quot;,&quot;price_comparison_unit&quot;:&quot;GR&quot;}]]}"> <input type="hidden" class="productQueryData" value="{&quot;6000001843135&quot;:[{&quot;sku&quot;:&quot;10287007&quot;,&quot;upc&quot;:[]}]}"> <input type="hidden" class="offerID" data-bind="attr: { value: $data.offerId }" value="10287007"> </div> </article>
<!-- /ko --> <!-- ko with: selectedVariant('6000001848204') -->
<article class="dynamic-cart-thumb stock-up-thumb product thumb-10287296 wgrid-2wAny" id="thumb-10287296" data-bind="css: { 'qty-toggle': $root.findCartItemByRollupId('6000001848204') }" data-rollup-id="6000001848204" data-automation="stock-up-thumb"> <div class="thumb-inner-wrap nutrition-enable nutrition-icon-enable"> <a class="product-link" data-bind="click: function() {$root.navigateToPip($data.availability().statusOnline.viewGroceryEligible &amp;&amp; $root.siteExperience() == 'gm', '/en/ip/yop-by-yoplait-raspberry-drinkable-yogurt/6000001848204')}, attr: {href: !($data.availability().statusOnline.viewGroceryEligible &amp;&amp; $root.siteExperience() == 'gm') ? '/en/ip/yop-by-yoplait-raspberry-drinkable-yogurt/6000001848204' : ''}" href="/en/ip/yop-by-yoplait-raspberry-drinkable-yogurt/6000001848204"> <div class="badge-container"> <!-- ko template: { name: 'product-badges', if: !!$data.badgesAnalytics(), data: { badges: badges, badgesAnalytics: badgesAnalytics, screenReaderHidden : true } } --><!-- /ko --> <!-- ko ifnot: $data.badgesAnalytics() --> <span class="badge"></span> <!-- /ko --> </div> <div aria-hidden="true" data-bind="template: { name: 'dynamic-thumb-qty-template', data: {item: $root.findCartItemByRollupId('6000001848204'), variants: 1 }}">

	<!--ko if: $data.item != null --><!-- /ko -->
</div> <div class="centered-img"> <div class="cmp-atc-thmb-wrp"> <span class="cmp-atc-thmb-state">✔</span><span class="cmp-atc-thmb-copy mobile-hide"></span> </div> <div class="centered-img-wrap"> <img alt="" class="image lazy-img" src="data:image/gif;base64,R0lGODlhAQABAIAAAAAAAP///yH5BAEAAAAALAAAAAABAAEAAAIBRAA7" data-original="//i5.walmartimages.ca/images/Thumbnails/709/413/6000201709413.jpg?odnBound=200" width="200" height="200"> </div> </div> <div class="product-details-container"> <div class="details"> <div class="title" aria-label="Yop by Yoplait Raspberry Drinkable Yogurt."> <h2 class="thumb-header">Yop by Yoplait Raspberry Drinkable Yogurt</h2> </div> <!-- ko template: { name: 'product-badges', if: !!$data.badgesAnalytics(), data: { badges: badges, badgesAnalytics: badgesAnalytics, screenReaderHidden : false } } --><!-- /ko --> <div class="only-for-screen-reader" data-bind="template: { name: 'dynamic-thumb-qty-template-only-for-screen-reader', data: {item: $root.findCartItemByRollupId('6000001848204'), variants: 1 }}">

	<!--ko if: $data.item != null --><!-- /ko -->
</div> <div class="description" aria-label="200 mL."> 200 mL </div> <div class="fade"></div> </div> <div class="ratings" data-automation="stock-up-ratings"> <div class="stars rating-0_0" aria-label="This product has not been rated." data-bind="template: { name: 'star-ratings' }">
	 <i class="star"></i>  <i class="star"></i>  <i class="star"></i>  <i class="star"></i>  <i class="star"></i> 
</div> <span class="review-count" aria-label="This product hasn’t been reviewed.">0 Reviews</span> <div class="fade"></div> </div> <div class="pricing-spacer" data-bind="component: { name: 'was-pricing', params: availability().pricing }"><div class="price-was" data-bind="html: wasPriceDisplay">Was <span><span>$</span>1.14</span></div><div class="price-cover"></div><div class="price-cover-percent"></div><div class="price-unit" data-bind="template: {name: &quot;price-per-unit-tooltip-template&quot;, data: pricePerUnit, afterRender: $root.initPricingPopup }">
	<a class="popup-opener popup-align-left price-unit-tooltip" data-title-headline="" data-title="This is a unit of measurement to help you compare the value of this item. Please know, this is not the price of the item itself." data-bind="text: $data, attr:{'aria-label' : '. Price is measured as ' + $data}" aria-label=". Price is measured as 39¢/100ml">39¢/100ml</a>
</div></div> <span class="all-price-sections"> <!-- ko ifnot: availability().pricing.mapPrice --> <div class="only-for-screen-reader" id="price">Price</div> <div class="price-current" data-bind="component: { name: 'current-pricing', params: { price: availability().pricing, simpleFormatting: true } }, css: { ranged: availability().pricing.ranged }"><div data-bind="possibleRangedCurrencyText: { data: price, simpleFormatting: simpleFormatting } ">78¢</div><div data-bind="template: {name: &quot;analytics-price-template&quot;, data: price, afterRender: $root.initVariableWeightPopup }">
	<span style="display:none;" data-analytics-type="product-price" class="product-price-analytics" data-analytics-value="0.78" data-bind="attr: { 'data-analytics-value': $data }">
	</span>
</div></div> <!-- /ko --> <!-- ko if: availability().pricing.mapPrice --><!-- /ko --> </span> </div> </a> <!-- ko if: true --> <div class="flyout-menu-trigger product-nutritionInfo" id="tooltip-6000001848204" aria-describedby="tooltip-desc-6000001848204" role="tooltip"> <button class="product-nutritionInfo-icon nutrition-icon-visible" aria-label="Nutritional Icon"></button> <div class="flyout-menu-wrap" analytics-trigger="analytics-ghs" analytics-data="ingredients" aria-expanded="false"> <button class="closeButton" aria-label="Nutritional Close"></button> <i class="arrow up"></i> <div class="flyout-menu-content"> <h3>Ingredients</h3> <div class="ingredients_content"> <p class="dietaryInfo" id="6000001848204"></p> </div> </div> </div> </div> <!-- /ko --> <div class="cart-qty-wrap"> <div class="floater"> <!-- ko ifnot : $root.findCartItemByRollupId('6000001848204') --> <!-- ko template: {
						name: 'a2c-or-next-order-button',
						data: {
							selectedVariant: $data,
							amendableOrder: $data.amendableOrder(),
							CTA: $data.CTA(),
							viewGrocery: $data.availability().statusOnline.viewGroceryEligible && $root.siteExperience() == "gm",
							detailUrl: "/en/ip/yop-by-yoplait-raspberry-drinkable-yogurt/6000001848204",
							trackingUrl: "",
							clickBeacon: ""
						}
					}
					-->
	<!-- ko if: $data.amendableOrder.allCallsAreSynchronized -->
		<!-- ko if: $data.amendableOrder.show --><!-- /ko -->

		<!-- ko ifnot: $data.amendableOrder.show -->

			
			<!-- ko if: $data.CTA.hasAvailableStatus && !!$data.CTA.text && !$data.viewGrocery -->
			<button class="button add-to-cart-btn limited-stock" data-bind="visible: $data.CTA.hasAvailableStatus, show: (!!$data.CTA.text), css: $data.CTA.status, attr: { 'data-click-tracking-url': $data.trackingUrl, 'data-click-beacon': $data.clickBeacon, 'aria-label': $data.CTA.status + ', ' + $data.CTA.text}" data-click-tracking-url="" data-click-beacon="" aria-label="limited-stock, Add to cart">
				<span class="ribbon-arrow" data-bind="html: $data.CTA.ribbonText, show: $data.CTA.ribbon">Limited Stock</span>
				<span class="btn-txt" data-bind="text: $data.CTA.text">Add to cart</span>
				<span class="loading-icon"></span>
			</button>
			<!-- /ko -->

			
			<!-- ko if: !$data.CTA.hasAvailableStatus && !!$data.CTA.text --><!-- /ko -->

			
			<!-- ko if: !$data.CTA.hasAvailableStatus && !$data.CTA.text --><!--/ko-->

			
			<!-- ko if: $data.CTA.hasAvailableStatus && !!$data.CTA.text  && $data.viewGrocery --><!-- /ko -->

		<!-- /ko -->

		<input type="hidden" data-bind="attr: { 'data-analytics-status-online': $data.selectedVariant.availability().statusOnline.status }" data-analytics-status-online="Available">
		<input type="hidden" data-bind="attr: { 'data-analytics-status-store': $data.selectedVariant.availability().statusStore.status }" data-analytics-status-store="">

	<!-- /ko -->
<!-- /ko --> <!-- /ko --> <!-- ko if : $root.findCartItemByRollupId('6000001848204') --><!-- /ko --> </div> </div> <input type="hidden" class="numSkus" value="1"> <input type="hidden" class="primary_parent_id" value="6000195507615"> <input type="hidden" class="categoryID" value="6000195507615"> <input type="hidden" class="displayTooltip" value="true"> <input type="hidden" class="productRollupID" value="6000001848204"> <input type="hidden" class="productID" value="10287296"> <input type="hidden" class="productSkus" value="{&quot;productid&quot;:&quot;10287296&quot;,&quot;skus&quot;:[[{&quot;skuid&quot;:&quot;10287296&quot;,&quot;minOrderQuantity&quot;:1,&quot;status&quot;:&quot;&quot;,&quot;eligibility_type&quot;:&quot;&quot;,&quot;date&quot;:&quot;&quot;,&quot;mfgr_sugd_rtl_amt&quot;:&quot;&quot;,&quot;price_comparison_qty&quot;:&quot;&quot;,&quot;price_comparison_unit&quot;:&quot;ML&quot;}]]}"> <input type="hidden" class="productQueryData" value="{&quot;6000001848204&quot;:[{&quot;sku&quot;:&quot;10287296&quot;,&quot;upc&quot;:[]}]}"> <input type="hidden" class="offerID" data-bind="attr: { value: $data.offerId }" value="10287296"> </div> </article>
<!-- /ko --> <!-- ko with: selectedVariant('6000195508948') -->
<article class="dynamic-cart-thumb stock-up-thumb product thumb-6000195508949 wgrid-2wAny" id="thumb-6000195508949" data-bind="css: { 'qty-toggle': $root.findCartItemByRollupId('6000195508948') }" data-rollup-id="6000195508948" data-automation="stock-up-thumb"> <div class="thumb-inner-wrap nutrition-enable nutrition-icon-enable"> <a class="product-link" data-bind="click: function() {$root.navigateToPip($data.availability().statusOnline.viewGroceryEligible &amp;&amp; $root.siteExperience() == 'gm', '/en/ip/igo-nan-1-banana-drinkable-yogurt/6000195508948')}, attr: {href: !($data.availability().statusOnline.viewGroceryEligible &amp;&amp; $root.siteExperience() == 'gm') ? '/en/ip/igo-nan-1-banana-drinkable-yogurt/6000195508948' : ''}" href="/en/ip/igo-nan-1-banana-drinkable-yogurt/6000195508948"> <div class="badge-container"> <!-- ko template: { name: 'product-badges', if: !!$data.badgesAnalytics(), data: { badges: badges, badgesAnalytics: badgesAnalytics, screenReaderHidden : true } } --><!-- /ko --> <!-- ko ifnot: $data.badgesAnalytics() --> <span class="badge"></span> <!-- /ko --> </div> <div aria-hidden="true" data-bind="template: { name: 'dynamic-thumb-qty-template', data: {item: $root.findCartItemByRollupId('6000195508948'), variants: 1 }}">

	<!--ko if: $data.item != null --><!-- /ko -->
</div> <div class="centered-img"> <div class="cmp-atc-thmb-wrp"> <span class="cmp-atc-thmb-state">✔</span><span class="cmp-atc-thmb-copy mobile-hide"></span> </div> <div class="centered-img-wrap"> <img alt="" class="image lazy-img" src="data:image/gif;base64,R0lGODlhAQABAIAAAAAAAP///yH5BAEAAAAALAAAAAABAAEAAAIBRAA7" data-original="//i5.walmartimages.ca/images/Thumbnails/471/061/6000202471061.jpg?odnBound=200" width="200" height="200"> </div> </div> <div class="product-details-container"> <div class="details"> <div class="title" aria-label="iÖGO nanö 1% Banana Drinkable Yogurt."> <h2 class="thumb-header">iÖGO nanö 1% Banana Drinkable Yogurt</h2> </div> <!-- ko template: { name: 'product-badges', if: !!$data.badgesAnalytics(), data: { badges: badges, badgesAnalytics: badgesAnalytics, screenReaderHidden : false } } --><!-- /ko --> <div class="only-for-screen-reader" data-bind="template: { name: 'dynamic-thumb-qty-template-only-for-screen-reader', data: {item: $root.findCartItemByRollupId('6000195508948'), variants: 1 }}">

	<!--ko if: $data.item != null --><!-- /ko -->
</div> <div class="description" aria-label="6 x 93 mL."> 6 x 93 mL </div> <div class="fade"></div> </div> <div class="ratings" data-automation="stock-up-ratings"> <div class="stars rating-0_0" aria-label="This product has not been rated." data-bind="template: { name: 'star-ratings' }">
	 <i class="star"></i>  <i class="star"></i>  <i class="star"></i>  <i class="star"></i>  <i class="star"></i> 
</div> <span class="review-count" aria-label="This product hasn’t been reviewed.">0 Reviews</span> <div class="fade"></div> </div> <div class="pricing-spacer" data-bind="component: { name: 'was-pricing', params: availability().pricing }"><div class="price-was" data-bind="html: wasPriceDisplay"></div><div class="price-cover"></div><div class="price-cover-percent"></div><div class="price-unit" data-bind="template: {name: &quot;price-per-unit-tooltip-template&quot;, data: pricePerUnit, afterRender: $root.initPricingPopup }">
	<a class="popup-opener popup-align-left price-unit-tooltip" data-title-headline="" data-title="This is a unit of measurement to help you compare the value of this item. Please know, this is not the price of the item itself." data-bind="text: $data, attr:{'aria-label' : '. Price is measured as ' + $data}" aria-label=". Price is measured as 68¢/100ml">68¢/100ml</a>
</div></div> <span class="all-price-sections"> <!-- ko ifnot: availability().pricing.mapPrice --> <div class="only-for-screen-reader" id="price">Price</div> <div class="price-current" data-bind="component: { name: 'current-pricing', params: { price: availability().pricing, simpleFormatting: true } }, css: { ranged: availability().pricing.ranged }"><div data-bind="possibleRangedCurrencyText: { data: price, simpleFormatting: simpleFormatting } "><span>$</span>3.77</div><div data-bind="template: {name: &quot;analytics-price-template&quot;, data: price, afterRender: $root.initVariableWeightPopup }">
	<span style="display:none;" data-analytics-type="product-price" class="product-price-analytics" data-analytics-value="3.77" data-bind="attr: { 'data-analytics-value': $data }">
	</span>
</div></div> <!-- /ko --> <!-- ko if: availability().pricing.mapPrice --><!-- /ko --> </span> </div> </a> <!-- ko if: true --> <div class="flyout-menu-trigger product-nutritionInfo" id="tooltip-6000195508948" aria-describedby="tooltip-desc-6000195508948" role="tooltip"> <button class="product-nutritionInfo-icon nutrition-icon-visible" aria-label="Nutritional Icon"></button> <div class="flyout-menu-wrap" analytics-trigger="analytics-ghs" analytics-data="ingredients" aria-expanded="false"> <button class="closeButton" aria-label="Nutritional Close"></button> <i class="arrow up"></i> <div class="flyout-menu-content"> <h3>Ingredients</h3> <div class="ingredients_content"> <p class="dietaryInfo" id="6000195508948"></p> </div> </div> </div> </div> <!-- /ko --> <div class="cart-qty-wrap"> <div class="floater"> <!-- ko ifnot : $root.findCartItemByRollupId('6000195508948') --> <!-- ko template: {
						name: 'a2c-or-next-order-button',
						data: {
							selectedVariant: $data,
							amendableOrder: $data.amendableOrder(),
							CTA: $data.CTA(),
							viewGrocery: $data.availability().statusOnline.viewGroceryEligible && $root.siteExperience() == "gm",
							detailUrl: "/en/ip/igo-nan-1-banana-drinkable-yogurt/6000195508948",
							trackingUrl: "",
							clickBeacon: ""
						}
					}
					-->
	<!-- ko if: $data.amendableOrder.allCallsAreSynchronized -->
		<!-- ko if: $data.amendableOrder.show --><!-- /ko -->

		<!-- ko ifnot: $data.amendableOrder.show -->

			
			<!-- ko if: $data.CTA.hasAvailableStatus && !!$data.CTA.text && !$data.viewGrocery -->
			<button class="button add-to-cart-btn limited-stock" data-bind="visible: $data.CTA.hasAvailableStatus, show: (!!$data.CTA.text), css: $data.CTA.status, attr: { 'data-click-tracking-url': $data.trackingUrl, 'data-click-beacon': $data.clickBeacon, 'aria-label': $data.CTA.status + ', ' + $data.CTA.text}" data-click-tracking-url="" data-click-beacon="" aria-label="limited-stock, Add to cart">
				<span class="ribbon-arrow" data-bind="html: $data.CTA.ribbonText, show: $data.CTA.ribbon">Limited Stock</span>
				<span class="btn-txt" data-bind="text: $data.CTA.text">Add to cart</span>
				<span class="loading-icon"></span>
			</button>
			<!-- /ko -->

			
			<!-- ko if: !$data.CTA.hasAvailableStatus && !!$data.CTA.text --><!-- /ko -->

			
			<!-- ko if: !$data.CTA.hasAvailableStatus && !$data.CTA.text --><!--/ko-->

			
			<!-- ko if: $data.CTA.hasAvailableStatus && !!$data.CTA.text  && $data.viewGrocery --><!-- /ko -->

		<!-- /ko -->

		<input type="hidden" data-bind="attr: { 'data-analytics-status-online': $data.selectedVariant.availability().statusOnline.status }" data-analytics-status-online="Available">
		<input type="hidden" data-bind="attr: { 'data-analytics-status-store': $data.selectedVariant.availability().statusStore.status }" data-analytics-status-store="">

	<!-- /ko -->
<!-- /ko --> <!-- /ko --> <!-- ko if : $root.findCartItemByRollupId('6000195508948') --><!-- /ko --> </div> </div> <input type="hidden" class="numSkus" value="1"> <input type="hidden" class="primary_parent_id" value="6000195507615"> <input type="hidden" class="categoryID" value="6000195507615"> <input type="hidden" class="displayTooltip" value="true"> <input type="hidden" class="productRollupID" value="6000195508948"> <input type="hidden" class="productID" value="6000195508949"> <input type="hidden" class="productSkus" value="{&quot;productid&quot;:&quot;6000195508949&quot;,&quot;skus&quot;:[[{&quot;skuid&quot;:&quot;6000195508949&quot;,&quot;minOrderQuantity&quot;:1,&quot;status&quot;:&quot;&quot;,&quot;eligibility_type&quot;:&quot;&quot;,&quot;date&quot;:&quot;&quot;,&quot;mfgr_sugd_rtl_amt&quot;:&quot;&quot;,&quot;price_comparison_qty&quot;:&quot;&quot;,&quot;price_comparison_unit&quot;:&quot;ML&quot;}]]}"> <input type="hidden" class="productQueryData" value="{&quot;6000195508948&quot;:[{&quot;sku&quot;:&quot;6000195508949&quot;,&quot;upc&quot;:[]}]}"> <input type="hidden" class="offerID" data-bind="attr: { value: $data.offerId }" value="6000195508949"> </div> </article>
<!-- /ko --> <!-- ko with: selectedVariant('6000001848205') -->
<article class="dynamic-cart-thumb stock-up-thumb product thumb-10287269 wgrid-2wAny marg-r-0" id="thumb-10287269" data-bind="css: { 'qty-toggle': $root.findCartItemByRollupId('6000001848205') }" data-rollup-id="6000001848205" data-automation="stock-up-thumb"> <div class="thumb-inner-wrap nutrition-enable nutrition-icon-enable"> <a class="product-link" data-bind="click: function() {$root.navigateToPip($data.availability().statusOnline.viewGroceryEligible &amp;&amp; $root.siteExperience() == 'gm', '/en/ip/yop-by-yoplait-blueberry-drinkable-yogurt/6000001848205')}, attr: {href: !($data.availability().statusOnline.viewGroceryEligible &amp;&amp; $root.siteExperience() == 'gm') ? '/en/ip/yop-by-yoplait-blueberry-drinkable-yogurt/6000001848205' : ''}" href="/en/ip/yop-by-yoplait-blueberry-drinkable-yogurt/6000001848205"> <div class="badge-container"> <!-- ko template: { name: 'product-badges', if: !!$data.badgesAnalytics(), data: { badges: badges, badgesAnalytics: badgesAnalytics, screenReaderHidden : true } } --><!-- /ko --> <!-- ko ifnot: $data.badgesAnalytics() --> <span class="badge"></span> <!-- /ko --> </div> <div aria-hidden="true" data-bind="template: { name: 'dynamic-thumb-qty-template', data: {item: $root.findCartItemByRollupId('6000001848205'), variants: 1 }}">

	<!--ko if: $data.item != null --><!-- /ko -->
</div> <div class="centered-img"> <div class="cmp-atc-thmb-wrp"> <span class="cmp-atc-thmb-state">✔</span><span class="cmp-atc-thmb-copy mobile-hide"></span> </div> <div class="centered-img-wrap"> <img alt="" class="image lazy-img" src="data:image/gif;base64,R0lGODlhAQABAIAAAAAAAP///yH5BAEAAAAALAAAAAABAAEAAAIBRAA7" data-original="//i5.walmartimages.ca/images/Thumbnails/709/452/6000201709452.jpg?odnBound=200" width="200" height="200"> </div> </div> <div class="product-details-container"> <div class="details"> <div class="title" aria-label="Yop by Yoplait Blueberry Drinkable Yogurt."> <h2 class="thumb-header">Yop by Yoplait Blueberry Drinkable Yogurt</h2> </div> <!-- ko template: { name: 'product-badges', if: !!$data.badgesAnalytics(), data: { badges: badges, badgesAnalytics: badgesAnalytics, screenReaderHidden : false } } --><!-- /ko --> <div class="only-for-screen-reader" data-bind="template: { name: 'dynamic-thumb-qty-template-only-for-screen-reader', data: {item: $root.findCartItemByRollupId('6000001848205'), variants: 1 }}">

	<!--ko if: $data.item != null --><!-- /ko -->
</div> <div class="description" aria-label="200 mL."> 200 mL </div> <div class="fade"></div> </div> <div class="ratings" data-automation="stock-up-ratings"> <div class="stars rating-0_0" aria-label="This product has not been rated." data-bind="template: { name: 'star-ratings' }">
	 <i class="star"></i>  <i class="star"></i>  <i class="star"></i>  <i class="star"></i>  <i class="star"></i> 
</div> <span class="review-count" aria-label="This product hasn’t been reviewed.">0 Reviews</span> <div class="fade"></div> </div> <div class="pricing-spacer" data-bind="component: { name: 'was-pricing', params: availability().pricing }"><div class="price-was" data-bind="html: wasPriceDisplay">Was <span><span>$</span>1.14</span></div><div class="price-cover"></div><div class="price-cover-percent"></div><div class="price-unit" data-bind="template: {name: &quot;price-per-unit-tooltip-template&quot;, data: pricePerUnit, afterRender: $root.initPricingPopup }">
	<a class="popup-opener popup-align-left price-unit-tooltip" data-title-headline="" data-title="This is a unit of measurement to help you compare the value of this item. Please know, this is not the price of the item itself." data-bind="text: $data, attr:{'aria-label' : '. Price is measured as ' + $data}" aria-label=". Price is measured as 39¢/100ml">39¢/100ml</a>
</div></div> <span class="all-price-sections"> <!-- ko ifnot: availability().pricing.mapPrice --> <div class="only-for-screen-reader" id="price">Price</div> <div class="price-current" data-bind="component: { name: 'current-pricing', params: { price: availability().pricing, simpleFormatting: true } }, css: { ranged: availability().pricing.ranged }"><div data-bind="possibleRangedCurrencyText: { data: price, simpleFormatting: simpleFormatting } ">78¢</div><div data-bind="template: {name: &quot;analytics-price-template&quot;, data: price, afterRender: $root.initVariableWeightPopup }">
	<span style="display:none;" data-analytics-type="product-price" class="product-price-analytics" data-analytics-value="0.78" data-bind="attr: { 'data-analytics-value': $data }">
	</span>
</div></div> <!-- /ko --> <!-- ko if: availability().pricing.mapPrice --><!-- /ko --> </span> </div> </a> <!-- ko if: true --> <div class="flyout-menu-trigger product-nutritionInfo" id="tooltip-6000001848205" aria-describedby="tooltip-desc-6000001848205" role="tooltip"> <button class="product-nutritionInfo-icon nutrition-icon-visible" aria-label="Nutritional Icon"></button> <div class="flyout-menu-wrap" analytics-trigger="analytics-ghs" analytics-data="ingredients" aria-expanded="false"> <button class="closeButton" aria-label="Nutritional Close"></button> <i class="arrow up"></i> <div class="flyout-menu-content"> <h3>Ingredients</h3> <div class="ingredients_content"> <p class="dietaryInfo" id="6000001848205"></p> </div> </div> </div> </div> <!-- /ko --> <div class="cart-qty-wrap"> <div class="floater"> <!-- ko ifnot : $root.findCartItemByRollupId('6000001848205') --> <!-- ko template: {
						name: 'a2c-or-next-order-button',
						data: {
							selectedVariant: $data,
							amendableOrder: $data.amendableOrder(),
							CTA: $data.CTA(),
							viewGrocery: $data.availability().statusOnline.viewGroceryEligible && $root.siteExperience() == "gm",
							detailUrl: "/en/ip/yop-by-yoplait-blueberry-drinkable-yogurt/6000001848205",
							trackingUrl: "",
							clickBeacon: ""
						}
					}
					-->
	<!-- ko if: $data.amendableOrder.allCallsAreSynchronized -->
		<!-- ko if: $data.amendableOrder.show --><!-- /ko -->

		<!-- ko ifnot: $data.amendableOrder.show -->

			
			<!-- ko if: $data.CTA.hasAvailableStatus && !!$data.CTA.text && !$data.viewGrocery -->
			<button class="button add-to-cart-btn limited-stock" data-bind="visible: $data.CTA.hasAvailableStatus, show: (!!$data.CTA.text), css: $data.CTA.status, attr: { 'data-click-tracking-url': $data.trackingUrl, 'data-click-beacon': $data.clickBeacon, 'aria-label': $data.CTA.status + ', ' + $data.CTA.text}" data-click-tracking-url="" data-click-beacon="" aria-label="limited-stock, Add to cart">
				<span class="ribbon-arrow" data-bind="html: $data.CTA.ribbonText, show: $data.CTA.ribbon">Limited Stock</span>
				<span class="btn-txt" data-bind="text: $data.CTA.text">Add to cart</span>
				<span class="loading-icon"></span>
			</button>
			<!-- /ko -->

			
			<!-- ko if: !$data.CTA.hasAvailableStatus && !!$data.CTA.text --><!-- /ko -->

			
			<!-- ko if: !$data.CTA.hasAvailableStatus && !$data.CTA.text --><!--/ko-->

			
			<!-- ko if: $data.CTA.hasAvailableStatus && !!$data.CTA.text  && $data.viewGrocery --><!-- /ko -->

		<!-- /ko -->

		<input type="hidden" data-bind="attr: { 'data-analytics-status-online': $data.selectedVariant.availability().statusOnline.status }" data-analytics-status-online="Available">
		<input type="hidden" data-bind="attr: { 'data-analytics-status-store': $data.selectedVariant.availability().statusStore.status }" data-analytics-status-store="">

	<!-- /ko -->
<!-- /ko --> <!-- /ko --> <!-- ko if : $root.findCartItemByRollupId('6000001848205') --><!-- /ko --> </div> </div> <input type="hidden" class="numSkus" value="1"> <input type="hidden" class="primary_parent_id" value="6000195507615"> <input type="hidden" class="categoryID" value="6000195507615"> <input type="hidden" class="displayTooltip" value="true"> <input type="hidden" class="productRollupID" value="6000001848205"> <input type="hidden" class="productID" value="10287269"> <input type="hidden" class="productSkus" value="{&quot;productid&quot;:&quot;10287269&quot;,&quot;skus&quot;:[[{&quot;skuid&quot;:&quot;10287269&quot;,&quot;minOrderQuantity&quot;:1,&quot;status&quot;:&quot;&quot;,&quot;eligibility_type&quot;:&quot;&quot;,&quot;date&quot;:&quot;&quot;,&quot;mfgr_sugd_rtl_amt&quot;:&quot;&quot;,&quot;price_comparison_qty&quot;:&quot;&quot;,&quot;price_comparison_unit&quot;:&quot;ML&quot;}]]}"> <input type="hidden" class="productQueryData" value="{&quot;6000001848205&quot;:[{&quot;sku&quot;:&quot;10287269&quot;,&quot;upc&quot;:[]}]}"> <input type="hidden" class="offerID" data-bind="attr: { value: $data.offerId }" value="10287269"> </div> </article>
<!-- /ko --> <!-- ko with: selectedVariant('6000001843865') -->
<div class="shelf-spacer"></div><article class="dynamic-cart-thumb stock-up-thumb product thumb-10287021 wgrid-2wAny marg-l-0" id="thumb-10287021" data-bind="css: { 'qty-toggle': $root.findCartItemByRollupId('6000001843865') }" data-rollup-id="6000001843865" data-automation="stock-up-thumb"> <div class="thumb-inner-wrap nutrition-enable nutrition-icon-enable"> <a class="product-link" data-bind="click: function() {$root.navigateToPip($data.availability().statusOnline.viewGroceryEligible &amp;&amp; $root.siteExperience() == 'gm', '/en/ip/minigo-by-yoplait-strawberrystrawberry-bananastrawberry-vanilla/6000001843865')}, attr: {href: !($data.availability().statusOnline.viewGroceryEligible &amp;&amp; $root.siteExperience() == 'gm') ? '/en/ip/minigo-by-yoplait-strawberrystrawberry-bananastrawberry-vanilla/6000001843865' : ''}" href="/en/ip/minigo-by-yoplait-strawberrystrawberry-bananastrawberry-vanilla/6000001843865"> <div class="badge-container"> <!-- ko template: { name: 'product-badges', if: !!$data.badgesAnalytics(), data: { badges: badges, badgesAnalytics: badgesAnalytics, screenReaderHidden : true } } --><!-- /ko --> <!-- ko ifnot: $data.badgesAnalytics() --> <span class="badge"></span> <!-- /ko --> </div> <div aria-hidden="true" data-bind="template: { name: 'dynamic-thumb-qty-template', data: {item: $root.findCartItemByRollupId('6000001843865'), variants: 1 }}">

	<!--ko if: $data.item != null --><!-- /ko -->
</div> <div class="centered-img"> <div class="cmp-atc-thmb-wrp"> <span class="cmp-atc-thmb-state">✔</span><span class="cmp-atc-thmb-copy mobile-hide"></span> </div> <div class="centered-img-wrap"> <img alt="" class="image lazy-img" src="data:image/gif;base64,R0lGODlhAQABAIAAAAAAAP///yH5BAEAAAAALAAAAAABAAEAAAIBRAA7" data-original="//i5.walmartimages.ca/images/Thumbnails/020/239/999999-56920020239.jpg?odnBound=200" width="200" height="200"> </div> </div> <div class="product-details-container"> <div class="details"> <div class="title" aria-label="Minigo by Yoplait Strawberry/Strawberry-Banana/Strawberry-Vanilla."> <h2 class="thumb-header">Minigo by Yoplait Strawberry/Strawberry-Banana/Strawberry-Vanilla</h2> </div> <!-- ko template: { name: 'product-badges', if: !!$data.badgesAnalytics(), data: { badges: badges, badgesAnalytics: badgesAnalytics, screenReaderHidden : false } } --><!-- /ko --> <div class="only-for-screen-reader" data-bind="template: { name: 'dynamic-thumb-qty-template-only-for-screen-reader', data: {item: $root.findCartItemByRollupId('6000001843865'), variants: 1 }}">

	<!--ko if: $data.item != null --><!-- /ko -->
</div> <div class="description" aria-label="6 x 60 g."> 6 x 60 g </div> <div class="fade"></div> </div> <div class="ratings" data-automation="stock-up-ratings"> <div class="stars rating-0_0" aria-label="This product has not been rated." data-bind="template: { name: 'star-ratings' }">
	 <i class="star"></i>  <i class="star"></i>  <i class="star"></i>  <i class="star"></i>  <i class="star"></i> 
</div> <span class="review-count" aria-label="This product hasn’t been reviewed.">0 Reviews</span> <div class="fade"></div> </div> <div class="pricing-spacer" data-bind="component: { name: 'was-pricing', params: availability().pricing }"><div class="price-was" data-bind="html: wasPriceDisplay"></div><div class="price-cover"></div><div class="price-cover-percent"></div><div class="price-unit" data-bind="template: {name: &quot;price-per-unit-tooltip-template&quot;, data: pricePerUnit, afterRender: $root.initPricingPopup }">
	<a class="popup-opener popup-align-left price-unit-tooltip" data-title-headline="" data-title="This is a unit of measurement to help you compare the value of this item. Please know, this is not the price of the item itself." data-bind="text: $data, attr:{'aria-label' : '. Price is measured as ' + $data}" aria-label=". Price is measured as 77¢/100g">77¢/100g</a>
</div></div> <span class="all-price-sections"> <!-- ko ifnot: availability().pricing.mapPrice --> <div class="only-for-screen-reader" id="price">Price</div> <div class="price-current" data-bind="component: { name: 'current-pricing', params: { price: availability().pricing, simpleFormatting: true } }, css: { ranged: availability().pricing.ranged }"><div data-bind="possibleRangedCurrencyText: { data: price, simpleFormatting: simpleFormatting } "><span>$</span>2.77</div><div data-bind="template: {name: &quot;analytics-price-template&quot;, data: price, afterRender: $root.initVariableWeightPopup }">
	<span style="display:none;" data-analytics-type="product-price" class="product-price-analytics" data-analytics-value="2.77" data-bind="attr: { 'data-analytics-value': $data }">
	</span>
</div></div> <!-- /ko --> <!-- ko if: availability().pricing.mapPrice --><!-- /ko --> </span> </div> </a> <!-- ko if: true --> <div class="flyout-menu-trigger product-nutritionInfo" id="tooltip-6000001843865" aria-describedby="tooltip-desc-6000001843865" role="tooltip"> <button class="product-nutritionInfo-icon nutrition-icon-visible" aria-label="Nutritional Icon"></button> <div class="flyout-menu-wrap" analytics-trigger="analytics-ghs" analytics-data="ingredients" aria-expanded="false"> <button class="closeButton" aria-label="Nutritional Close"></button> <i class="arrow up"></i> <div class="flyout-menu-content"> <h3>Ingredients</h3> <div class="ingredients_content"> <p class="dietaryInfo" id="6000001843865"></p> </div> </div> </div> </div> <!-- /ko --> <div class="cart-qty-wrap"> <div class="floater"> <!-- ko ifnot : $root.findCartItemByRollupId('6000001843865') --> <!-- ko template: {
						name: 'a2c-or-next-order-button',
						data: {
							selectedVariant: $data,
							amendableOrder: $data.amendableOrder(),
							CTA: $data.CTA(),
							viewGrocery: $data.availability().statusOnline.viewGroceryEligible && $root.siteExperience() == "gm",
							detailUrl: "/en/ip/minigo-by-yoplait-strawberrystrawberry-bananastrawberry-vanilla/6000001843865",
							trackingUrl: "",
							clickBeacon: ""
						}
					}
					-->
	<!-- ko if: $data.amendableOrder.allCallsAreSynchronized -->
		<!-- ko if: $data.amendableOrder.show --><!-- /ko -->

		<!-- ko ifnot: $data.amendableOrder.show -->

			
			<!-- ko if: $data.CTA.hasAvailableStatus && !!$data.CTA.text && !$data.viewGrocery -->
			<button class="button add-to-cart-btn limited-stock" data-bind="visible: $data.CTA.hasAvailableStatus, show: (!!$data.CTA.text), css: $data.CTA.status, attr: { 'data-click-tracking-url': $data.trackingUrl, 'data-click-beacon': $data.clickBeacon, 'aria-label': $data.CTA.status + ', ' + $data.CTA.text}" data-click-tracking-url="" data-click-beacon="" aria-label="limited-stock, Add to cart">
				<span class="ribbon-arrow" data-bind="html: $data.CTA.ribbonText, show: $data.CTA.ribbon">Limited Stock</span>
				<span class="btn-txt" data-bind="text: $data.CTA.text">Add to cart</span>
				<span class="loading-icon"></span>
			</button>
			<!-- /ko -->

			
			<!-- ko if: !$data.CTA.hasAvailableStatus && !!$data.CTA.text --><!-- /ko -->

			
			<!-- ko if: !$data.CTA.hasAvailableStatus && !$data.CTA.text --><!--/ko-->

			
			<!-- ko if: $data.CTA.hasAvailableStatus && !!$data.CTA.text  && $data.viewGrocery --><!-- /ko -->

		<!-- /ko -->

		<input type="hidden" data-bind="attr: { 'data-analytics-status-online': $data.selectedVariant.availability().statusOnline.status }" data-analytics-status-online="Available">
		<input type="hidden" data-bind="attr: { 'data-analytics-status-store': $data.selectedVariant.availability().statusStore.status }" data-analytics-status-store="">

	<!-- /ko -->
<!-- /ko --> <!-- /ko --> <!-- ko if : $root.findCartItemByRollupId('6000001843865') --><!-- /ko --> </div> </div> <input type="hidden" class="numSkus" value="1"> <input type="hidden" class="primary_parent_id" value="6000195507614"> <input type="hidden" class="categoryID" value="6000195507614"> <input type="hidden" class="displayTooltip" value="true"> <input type="hidden" class="productRollupID" value="6000001843865"> <input type="hidden" class="productID" value="10287021"> <input type="hidden" class="productSkus" value="{&quot;productid&quot;:&quot;10287021&quot;,&quot;skus&quot;:[[{&quot;skuid&quot;:&quot;10287021&quot;,&quot;minOrderQuantity&quot;:1,&quot;status&quot;:&quot;&quot;,&quot;eligibility_type&quot;:&quot;&quot;,&quot;date&quot;:&quot;&quot;,&quot;mfgr_sugd_rtl_amt&quot;:&quot;&quot;,&quot;price_comparison_qty&quot;:&quot;&quot;,&quot;price_comparison_unit&quot;:&quot;GR&quot;}]]}"> <input type="hidden" class="productQueryData" value="{&quot;6000001843865&quot;:[{&quot;sku&quot;:&quot;10287021&quot;,&quot;upc&quot;:[]}]}"> <input type="hidden" class="offerID" data-bind="attr: { value: $data.offerId }" value="10287021"> </div> </article>
<!-- /ko --> <!-- ko with: selectedVariant('6000074943667') -->
<article class="dynamic-cart-thumb stock-up-thumb product thumb-10182441 wgrid-2wAny" id="thumb-10182441" data-bind="css: { 'qty-toggle': $root.findCartItemByRollupId('6000074943667') }" data-rollup-id="6000074943667" data-automation="stock-up-thumb"> <div class="thumb-inner-wrap nutrition-enable nutrition-icon-enable"> <a class="product-link" data-bind="click: function() {$root.navigateToPip($data.availability().statusOnline.viewGroceryEligible &amp;&amp; $root.siteExperience() == 'gm', '/en/ip/dairyland-18-coffee-cream/6000074943667')}, attr: {href: !($data.availability().statusOnline.viewGroceryEligible &amp;&amp; $root.siteExperience() == 'gm') ? '/en/ip/dairyland-18-coffee-cream/6000074943667' : ''}" href="/en/ip/dairyland-18-coffee-cream/6000074943667"> <div class="badge-container"> <!-- ko template: { name: 'product-badges', if: !!$data.badgesAnalytics(), data: { badges: badges, badgesAnalytics: badgesAnalytics, screenReaderHidden : true } } --><!-- /ko --> <!-- ko ifnot: $data.badgesAnalytics() --> <span class="badge"></span> <!-- /ko --> </div> <div aria-hidden="true" data-bind="template: { name: 'dynamic-thumb-qty-template', data: {item: $root.findCartItemByRollupId('6000074943667'), variants: 1 }}">

	<!--ko if: $data.item != null --><!-- /ko -->
</div> <div class="centered-img"> <div class="cmp-atc-thmb-wrp"> <span class="cmp-atc-thmb-state">✔</span><span class="cmp-atc-thmb-copy mobile-hide"></span> </div> <div class="centered-img-wrap"> <img alt="" class="image lazy-img" src="data:image/gif;base64,R0lGODlhAQABAIAAAAAAAP///yH5BAEAAAAALAAAAAABAAEAAAIBRAA7" data-original="//i5.walmartimages.ca/images/Thumbnails/190/870/190870.jpg?odnBound=200" width="200" height="200"> </div> </div> <div class="product-details-container"> <div class="details"> <div class="title" aria-label="Dairyland 18% Coffee cream."> <h2 class="thumb-header">Dairyland 18% Coffee cream</h2> </div> <!-- ko template: { name: 'product-badges', if: !!$data.badgesAnalytics(), data: { badges: badges, badgesAnalytics: badgesAnalytics, screenReaderHidden : false } } --><!-- /ko --> <div class="only-for-screen-reader" data-bind="template: { name: 'dynamic-thumb-qty-template-only-for-screen-reader', data: {item: $root.findCartItemByRollupId('6000074943667'), variants: 1 }}">

	<!--ko if: $data.item != null --><!-- /ko -->
</div> <div class="description" aria-label="1 L."> 1 L </div> <div class="fade"></div> </div> <div class="ratings" data-automation="stock-up-ratings"> <div class="stars rating-5_0" aria-label="This product is rated 5 stars out of 5 stars," data-bind="template: { name: 'star-ratings' }">
	 <i class="star"></i>  <i class="star"></i>  <i class="star"></i>  <i class="star"></i>  <i class="star"></i> 
</div> <span class="review-count" aria-label="based on 1 review.">1 Review</span> <div class="fade"></div> </div> <div class="pricing-spacer" data-bind="component: { name: 'was-pricing', params: availability().pricing }"><div class="price-was" data-bind="html: wasPriceDisplay"></div><div class="price-cover"></div><div class="price-cover-percent"></div><div class="price-unit" data-bind="template: {name: &quot;price-per-unit-tooltip-template&quot;, data: pricePerUnit, afterRender: $root.initPricingPopup }">
	<a class="popup-opener popup-align-left price-unit-tooltip" data-title-headline="" data-title="This is a unit of measurement to help you compare the value of this item. Please know, this is not the price of the item itself." data-bind="text: $data, attr:{'aria-label' : '. Price is measured as ' + $data}" aria-label=". Price is measured as $397/100l">$397/100l</a>
</div></div> <span class="all-price-sections"> <!-- ko ifnot: availability().pricing.mapPrice --> <div class="only-for-screen-reader" id="price">Price</div> <div class="price-current" data-bind="component: { name: 'current-pricing', params: { price: availability().pricing, simpleFormatting: true } }, css: { ranged: availability().pricing.ranged }"><div data-bind="possibleRangedCurrencyText: { data: price, simpleFormatting: simpleFormatting } "><span>$</span>3.97</div><div data-bind="template: {name: &quot;analytics-price-template&quot;, data: price, afterRender: $root.initVariableWeightPopup }">
	<span style="display:none;" data-analytics-type="product-price" class="product-price-analytics" data-analytics-value="3.97" data-bind="attr: { 'data-analytics-value': $data }">
	</span>
</div></div> <!-- /ko --> <!-- ko if: availability().pricing.mapPrice --><!-- /ko --> </span> </div> </a> <!-- ko if: true --> <div class="flyout-menu-trigger product-nutritionInfo" id="tooltip-6000074943667" aria-describedby="tooltip-desc-6000074943667" role="tooltip"> <button class="product-nutritionInfo-icon nutrition-icon-visible" aria-label="Nutritional Icon"></button> <div class="flyout-menu-wrap" analytics-trigger="analytics-ghs" analytics-data="ingredients" aria-expanded="false"> <button class="closeButton" aria-label="Nutritional Close"></button> <i class="arrow up"></i> <div class="flyout-menu-content"> <h3>Ingredients</h3> <div class="ingredients_content"> <p class="dietaryInfo" id="6000074943667"></p> </div> </div> </div> </div> <!-- /ko --> <div class="cart-qty-wrap"> <div class="floater"> <!-- ko ifnot : $root.findCartItemByRollupId('6000074943667') --> <!-- ko template: {
						name: 'a2c-or-next-order-button',
						data: {
							selectedVariant: $data,
							amendableOrder: $data.amendableOrder(),
							CTA: $data.CTA(),
							viewGrocery: $data.availability().statusOnline.viewGroceryEligible && $root.siteExperience() == "gm",
							detailUrl: "/en/ip/dairyland-18-coffee-cream/6000074943667",
							trackingUrl: "",
							clickBeacon: ""
						}
					}
					-->
	<!-- ko if: $data.amendableOrder.allCallsAreSynchronized -->
		<!-- ko if: $data.amendableOrder.show --><!-- /ko -->

		<!-- ko ifnot: $data.amendableOrder.show -->

			
			<!-- ko if: $data.CTA.hasAvailableStatus && !!$data.CTA.text && !$data.viewGrocery -->
			<button class="button add-to-cart-btn limited-stock" data-bind="visible: $data.CTA.hasAvailableStatus, show: (!!$data.CTA.text), css: $data.CTA.status, attr: { 'data-click-tracking-url': $data.trackingUrl, 'data-click-beacon': $data.clickBeacon, 'aria-label': $data.CTA.status + ', ' + $data.CTA.text}" data-click-tracking-url="" data-click-beacon="" aria-label="limited-stock, Add to cart">
				<span class="ribbon-arrow" data-bind="html: $data.CTA.ribbonText, show: $data.CTA.ribbon">Limited Stock</span>
				<span class="btn-txt" data-bind="text: $data.CTA.text">Add to cart</span>
				<span class="loading-icon"></span>
			</button>
			<!-- /ko -->

			
			<!-- ko if: !$data.CTA.hasAvailableStatus && !!$data.CTA.text --><!-- /ko -->

			
			<!-- ko if: !$data.CTA.hasAvailableStatus && !$data.CTA.text --><!--/ko-->

			
			<!-- ko if: $data.CTA.hasAvailableStatus && !!$data.CTA.text  && $data.viewGrocery --><!-- /ko -->

		<!-- /ko -->

		<input type="hidden" data-bind="attr: { 'data-analytics-status-online': $data.selectedVariant.availability().statusOnline.status }" data-analytics-status-online="Available">
		<input type="hidden" data-bind="attr: { 'data-analytics-status-store': $data.selectedVariant.availability().statusStore.status }" data-analytics-status-store="">

	<!-- /ko -->
<!-- /ko --> <!-- /ko --> <!-- ko if : $root.findCartItemByRollupId('6000074943667') --><!-- /ko --> </div> </div> <input type="hidden" class="numSkus" value="1"> <input type="hidden" class="primary_parent_id" value="6000194349396"> <input type="hidden" class="categoryID" value="6000194349396"> <input type="hidden" class="displayTooltip" value="true"> <input type="hidden" class="productRollupID" value="6000074943667"> <input type="hidden" class="productID" value="10182441"> <input type="hidden" class="productSkus" value="{&quot;productid&quot;:&quot;10182441&quot;,&quot;skus&quot;:[[{&quot;skuid&quot;:&quot;10182441&quot;,&quot;minOrderQuantity&quot;:1,&quot;status&quot;:&quot;&quot;,&quot;eligibility_type&quot;:&quot;&quot;,&quot;date&quot;:&quot;&quot;,&quot;mfgr_sugd_rtl_amt&quot;:&quot;&quot;,&quot;price_comparison_qty&quot;:&quot;&quot;,&quot;price_comparison_unit&quot;:&quot;&quot;}]]}"> <input type="hidden" class="productQueryData" value="{&quot;6000074943667&quot;:[{&quot;sku&quot;:&quot;10182441&quot;,&quot;upc&quot;:[]}]}"> <input type="hidden" class="offerID" data-bind="attr: { value: $data.offerId }" value="10182441"> </div> </article>
<!-- /ko --> <!-- ko with: selectedVariant('6000196397985') -->
<article class="dynamic-cart-thumb stock-up-thumb product thumb-6000196397986 wgrid-2wAny" id="thumb-6000196397986" data-bind="css: { 'qty-toggle': $root.findCartItemByRollupId('6000196397985') }" data-rollup-id="6000196397985" data-automation="stock-up-thumb"> <div class="thumb-inner-wrap nutrition-enable nutrition-icon-enable"> <a class="product-link" data-bind="click: function() {$root.navigateToPip($data.availability().statusOnline.viewGroceryEligible &amp;&amp; $root.siteExperience() == 'gm', '/en/ip/great-value-14-mf-sour-cream/6000196397985')}, attr: {href: !($data.availability().statusOnline.viewGroceryEligible &amp;&amp; $root.siteExperience() == 'gm') ? '/en/ip/great-value-14-mf-sour-cream/6000196397985' : ''}" href="/en/ip/great-value-14-mf-sour-cream/6000196397985"> <div class="badge-container"> <!-- ko template: { name: 'product-badges', if: !!$data.badgesAnalytics(), data: { badges: badges, badgesAnalytics: badgesAnalytics, screenReaderHidden : true } } -->
	<div class="badges" data-analytics-type="badges" data-bind="{ attr: { 'data-analytics-value': $data.badgesAnalytics(), 'aria-hidden' : $data.screenReaderHidden }, css : {'only-for-screen-reader' : !$data.screenReaderHidden} }" data-analytics-value="Exclusive" aria-hidden="true">
		<!-- ko foreach: { data: $data.badges, as: 'badge' } -->
			<!--ko ifnot: badge.isMultiSave -->
			<span class="badge" data-bind="text: badge.text, style: { color: badge.foregroundColor, background: badge.backgroundColor, border: badge.outlineColor }, attr: { id: badge.id, 'aria-label': 'On ' + badge.text + '.' }" id="Walmart Exclusive" aria-label="On Exclusive." style="color: rgb(0, 114, 206); background: rgb(255, 255, 255); border: 1px solid rgb(0, 114, 206);">Exclusive</span>
			<!--/ko-->
		
			<!--ko if: badge.isMultiSave--><!--/ko-->
		
		<!--/ko-->
	</div>
<!-- /ko --> <!-- ko ifnot: $data.badgesAnalytics() --><!-- /ko --> </div> <div aria-hidden="true" data-bind="template: { name: 'dynamic-thumb-qty-template', data: {item: $root.findCartItemByRollupId('6000196397985'), variants: 1 }}">

	<!--ko if: $data.item != null --><!-- /ko -->
</div> <div class="centered-img"> <div class="cmp-atc-thmb-wrp"> <span class="cmp-atc-thmb-state">✔</span><span class="cmp-atc-thmb-copy mobile-hide"></span> </div> <div class="centered-img-wrap"> <img alt="" class="image lazy-img" src="data:image/gif;base64,R0lGODlhAQABAIAAAAAAAP///yH5BAEAAAAALAAAAAABAAEAAAIBRAA7" data-original="//i5.walmartimages.ca/images/Thumbnails/891/720/6000197891720.jpg?odnBound=200" width="200" height="200"> </div> </div> <div class="product-details-container"> <div class="details"> <div class="title" aria-label="Great Value 14% M.F Sour Cream."> <h2 class="thumb-header">Great Value 14% M.F Sour Cream</h2> </div> <!-- ko template: { name: 'product-badges', if: !!$data.badgesAnalytics(), data: { badges: badges, badgesAnalytics: badgesAnalytics, screenReaderHidden : false } } -->
	<div class="badges only-for-screen-reader" data-analytics-type="badges" data-bind="{ attr: { 'data-analytics-value': $data.badgesAnalytics(), 'aria-hidden' : $data.screenReaderHidden }, css : {'only-for-screen-reader' : !$data.screenReaderHidden} }" data-analytics-value="Exclusive">
		<!-- ko foreach: { data: $data.badges, as: 'badge' } -->
			<!--ko ifnot: badge.isMultiSave -->
			<span class="badge" data-bind="text: badge.text, style: { color: badge.foregroundColor, background: badge.backgroundColor, border: badge.outlineColor }, attr: { id: badge.id, 'aria-label': 'On ' + badge.text + '.' }" id="Walmart Exclusive" aria-label="On Exclusive." style="color: rgb(0, 114, 206); background: rgb(255, 255, 255); border: 1px solid rgb(0, 114, 206);">Exclusive</span>
			<!--/ko-->
		
			<!--ko if: badge.isMultiSave--><!--/ko-->
		
		<!--/ko-->
	</div>
<!-- /ko --> <div class="only-for-screen-reader" data-bind="template: { name: 'dynamic-thumb-qty-template-only-for-screen-reader', data: {item: $root.findCartItemByRollupId('6000196397985'), variants: 1 }}">

	<!--ko if: $data.item != null --><!-- /ko -->
</div> <div class="description" aria-label="250 mL."> 250 mL </div> <div class="fade"></div> </div> <div class="ratings" data-automation="stock-up-ratings"> <div class="stars rating-5_0" aria-label="This product is rated 5 stars out of 5 stars," data-bind="template: { name: 'star-ratings' }">
	 <i class="star"></i>  <i class="star"></i>  <i class="star"></i>  <i class="star"></i>  <i class="star"></i> 
</div> <span class="review-count" aria-label="based on 1 review.">1 Review</span> <div class="fade"></div> </div> <div class="pricing-spacer" data-bind="component: { name: 'was-pricing', params: availability().pricing }"><div class="price-was" data-bind="html: wasPriceDisplay"></div><div class="price-cover"></div><div class="price-cover-percent"></div><div class="price-unit" data-bind="template: {name: &quot;price-per-unit-tooltip-template&quot;, data: pricePerUnit, afterRender: $root.initPricingPopup }">
	<a class="popup-opener popup-align-left price-unit-tooltip" data-title-headline="" data-title="This is a unit of measurement to help you compare the value of this item. Please know, this is not the price of the item itself." data-bind="text: $data, attr:{'aria-label' : '. Price is measured as ' + $data}" aria-label=". Price is measured as 71¢/100ml">71¢/100ml</a>
</div></div> <span class="all-price-sections"> <!-- ko ifnot: availability().pricing.mapPrice --> <div class="only-for-screen-reader" id="price">Price</div> <div class="price-current" data-bind="component: { name: 'current-pricing', params: { price: availability().pricing, simpleFormatting: true } }, css: { ranged: availability().pricing.ranged }"><div data-bind="possibleRangedCurrencyText: { data: price, simpleFormatting: simpleFormatting } "><span>$</span>1.77</div><div data-bind="template: {name: &quot;analytics-price-template&quot;, data: price, afterRender: $root.initVariableWeightPopup }">
	<span style="display:none;" data-analytics-type="product-price" class="product-price-analytics" data-analytics-value="1.77" data-bind="attr: { 'data-analytics-value': $data }">
	</span>
</div></div> <!-- /ko --> <!-- ko if: availability().pricing.mapPrice --><!-- /ko --> </span> </div> </a> <!-- ko if: true --> <div class="flyout-menu-trigger product-nutritionInfo" id="tooltip-6000196397985" aria-describedby="tooltip-desc-6000196397985" role="tooltip"> <button class="product-nutritionInfo-icon nutrition-icon-visible" aria-label="Nutritional Icon"></button> <div class="flyout-menu-wrap" analytics-trigger="analytics-ghs" analytics-data="ingredients" aria-expanded="false"> <button class="closeButton" aria-label="Nutritional Close"></button> <i class="arrow up"></i> <div class="flyout-menu-content"> <h3>Ingredients</h3> <div class="ingredients_content"> <p class="dietaryInfo" id="6000196397985"></p> </div> </div> </div> </div> <!-- /ko --> <div class="cart-qty-wrap"> <div class="floater"> <!-- ko ifnot : $root.findCartItemByRollupId('6000196397985') --> <!-- ko template: {
						name: 'a2c-or-next-order-button',
						data: {
							selectedVariant: $data,
							amendableOrder: $data.amendableOrder(),
							CTA: $data.CTA(),
							viewGrocery: $data.availability().statusOnline.viewGroceryEligible && $root.siteExperience() == "gm",
							detailUrl: "/en/ip/great-value-14-mf-sour-cream/6000196397985",
							trackingUrl: "",
							clickBeacon: ""
						}
					}
					-->
	<!-- ko if: $data.amendableOrder.allCallsAreSynchronized -->
		<!-- ko if: $data.amendableOrder.show --><!-- /ko -->

		<!-- ko ifnot: $data.amendableOrder.show -->

			
			<!-- ko if: $data.CTA.hasAvailableStatus && !!$data.CTA.text && !$data.viewGrocery -->
			<button class="button add-to-cart-btn limited-stock" data-bind="visible: $data.CTA.hasAvailableStatus, show: (!!$data.CTA.text), css: $data.CTA.status, attr: { 'data-click-tracking-url': $data.trackingUrl, 'data-click-beacon': $data.clickBeacon, 'aria-label': $data.CTA.status + ', ' + $data.CTA.text}" data-click-tracking-url="" data-click-beacon="" aria-label="limited-stock, Add to cart">
				<span class="ribbon-arrow" data-bind="html: $data.CTA.ribbonText, show: $data.CTA.ribbon">Limited Stock</span>
				<span class="btn-txt" data-bind="text: $data.CTA.text">Add to cart</span>
				<span class="loading-icon"></span>
			</button>
			<!-- /ko -->

			
			<!-- ko if: !$data.CTA.hasAvailableStatus && !!$data.CTA.text --><!-- /ko -->

			
			<!-- ko if: !$data.CTA.hasAvailableStatus && !$data.CTA.text --><!--/ko-->

			
			<!-- ko if: $data.CTA.hasAvailableStatus && !!$data.CTA.text  && $data.viewGrocery --><!-- /ko -->

		<!-- /ko -->

		<input type="hidden" data-bind="attr: { 'data-analytics-status-online': $data.selectedVariant.availability().statusOnline.status }" data-analytics-status-online="Available">
		<input type="hidden" data-bind="attr: { 'data-analytics-status-store': $data.selectedVariant.availability().statusStore.status }" data-analytics-status-store="">

	<!-- /ko -->
<!-- /ko --> <!-- /ko --> <!-- ko if : $root.findCartItemByRollupId('6000196397985') --><!-- /ko --> </div> </div> <input type="hidden" class="numSkus" value="1"> <input type="hidden" class="primary_parent_id" value="6000195496077"> <input type="hidden" class="categoryID" value="6000195496077"> <input type="hidden" class="displayTooltip" value="true"> <input type="hidden" class="productRollupID" value="6000196397985"> <input type="hidden" class="productID" value="6000196397986"> <input type="hidden" class="productSkus" value="{&quot;productid&quot;:&quot;6000196397986&quot;,&quot;skus&quot;:[[{&quot;skuid&quot;:&quot;6000196397986&quot;,&quot;minOrderQuantity&quot;:1,&quot;status&quot;:&quot;&quot;,&quot;eligibility_type&quot;:&quot;&quot;,&quot;date&quot;:&quot;&quot;,&quot;mfgr_sugd_rtl_amt&quot;:&quot;&quot;,&quot;price_comparison_qty&quot;:&quot;&quot;,&quot;price_comparison_unit&quot;:&quot;ML&quot;}]]}"> <input type="hidden" class="productQueryData" value="{&quot;6000196397985&quot;:[{&quot;sku&quot;:&quot;6000196397986&quot;,&quot;upc&quot;:[]}]}"> <input type="hidden" class="offerID" data-bind="attr: { value: $data.offerId }" value="6000196397986"> </div> </article>
<!-- /ko --> <!-- ko with: selectedVariant('6000198628470') -->
<article class="dynamic-cart-thumb stock-up-thumb product thumb-6000198628471 wgrid-2wAny marg-r-0" id="thumb-6000198628471" data-bind="css: { 'qty-toggle': $root.findCartItemByRollupId('6000198628470') }" data-rollup-id="6000198628470" data-automation="stock-up-thumb"> <div class="thumb-inner-wrap nutrition-enable nutrition-icon-enable"> <a class="product-link" data-bind="click: function() {$root.navigateToPip($data.availability().statusOnline.viewGroceryEligible &amp;&amp; $root.siteExperience() == 'gm', '/en/ip/beatrice-sour-cream-14/6000198628470')}, attr: {href: !($data.availability().statusOnline.viewGroceryEligible &amp;&amp; $root.siteExperience() == 'gm') ? '/en/ip/beatrice-sour-cream-14/6000198628470' : ''}" href="/en/ip/beatrice-sour-cream-14/6000198628470"> <div class="badge-container"> <!-- ko template: { name: 'product-badges', if: !!$data.badgesAnalytics(), data: { badges: badges, badgesAnalytics: badgesAnalytics, screenReaderHidden : true } } --><!-- /ko --> <!-- ko ifnot: $data.badgesAnalytics() --> <span class="badge"></span> <!-- /ko --> </div> <div aria-hidden="true" data-bind="template: { name: 'dynamic-thumb-qty-template', data: {item: $root.findCartItemByRollupId('6000198628470'), variants: 1 }}">

	<!--ko if: $data.item != null --><!-- /ko -->
</div> <div class="centered-img"> <div class="cmp-atc-thmb-wrp"> <span class="cmp-atc-thmb-state">✔</span><span class="cmp-atc-thmb-copy mobile-hide"></span> </div> <div class="centered-img-wrap"> <img alt="" class="image lazy-img" src="data:image/gif;base64,R0lGODlhAQABAIAAAAAAAP///yH5BAEAAAAALAAAAAABAAEAAAIBRAA7" data-original="//i5.walmartimages.ca/images/Thumbnails/674/886/6000198674886.jpg?odnBound=200" width="200" height="200"> </div> </div> <div class="product-details-container"> <div class="details"> <div class="title" aria-label="Beatrice Sour Cream 14%."> <h2 class="thumb-header">Beatrice Sour Cream 14%</h2> </div> <!-- ko template: { name: 'product-badges', if: !!$data.badgesAnalytics(), data: { badges: badges, badgesAnalytics: badgesAnalytics, screenReaderHidden : false } } --><!-- /ko --> <div class="only-for-screen-reader" data-bind="template: { name: 'dynamic-thumb-qty-template-only-for-screen-reader', data: {item: $root.findCartItemByRollupId('6000198628470'), variants: 1 }}">

	<!--ko if: $data.item != null --><!-- /ko -->
</div> <div class="description" aria-label="Bea SrCrm 14%."> Bea SrCrm 14% </div> <div class="fade"></div> </div> <div class="ratings" data-automation="stock-up-ratings"> <div class="stars rating-0_0" aria-label="This product has not been rated." data-bind="template: { name: 'star-ratings' }">
	 <i class="star"></i>  <i class="star"></i>  <i class="star"></i>  <i class="star"></i>  <i class="star"></i> 
</div> <span class="review-count" aria-label="This product hasn’t been reviewed.">0 Reviews</span> <div class="fade"></div> </div> <div class="pricing-spacer" data-bind="component: { name: 'was-pricing', params: availability().pricing }"><div class="price-was" data-bind="html: wasPriceDisplay"></div><div class="price-cover"></div><div class="price-cover-percent"></div><div class="price-unit" data-bind="template: {name: &quot;price-per-unit-tooltip-template&quot;, data: pricePerUnit, afterRender: $root.initPricingPopup }">
	<a class="popup-opener popup-align-left price-unit-tooltip" data-title-headline="" data-title="This is a unit of measurement to help you compare the value of this item. Please know, this is not the price of the item itself." data-bind="text: $data, attr:{'aria-label' : '. Price is measured as ' + $data}" aria-label=". Price is measured as 55¢/100g">55¢/100g</a>
</div></div> <span class="all-price-sections"> <!-- ko ifnot: availability().pricing.mapPrice --> <div class="only-for-screen-reader" id="price">Price</div> <div class="price-current" data-bind="component: { name: 'current-pricing', params: { price: availability().pricing, simpleFormatting: true } }, css: { ranged: availability().pricing.ranged }"><div data-bind="possibleRangedCurrencyText: { data: price, simpleFormatting: simpleFormatting } "><span>$</span>2.77</div><div data-bind="template: {name: &quot;analytics-price-template&quot;, data: price, afterRender: $root.initVariableWeightPopup }">
	<span style="display:none;" data-analytics-type="product-price" class="product-price-analytics" data-analytics-value="2.77" data-bind="attr: { 'data-analytics-value': $data }">
	</span>
</div></div> <!-- /ko --> <!-- ko if: availability().pricing.mapPrice --><!-- /ko --> </span> </div> </a> <!-- ko if: true --> <div class="flyout-menu-trigger product-nutritionInfo" id="tooltip-6000198628470" aria-describedby="tooltip-desc-6000198628470" role="tooltip"> <button class="product-nutritionInfo-icon nutrition-icon-visible" aria-label="Nutritional Icon"></button> <div class="flyout-menu-wrap" analytics-trigger="analytics-ghs" analytics-data="ingredients" aria-expanded="false"> <button class="closeButton" aria-label="Nutritional Close"></button> <i class="arrow up"></i> <div class="flyout-menu-content"> <h3>Ingredients</h3> <div class="ingredients_content"> <p class="dietaryInfo" id="6000198628470"></p> </div> </div> </div> </div> <!-- /ko --> <div class="cart-qty-wrap"> <div class="floater"> <!-- ko ifnot : $root.findCartItemByRollupId('6000198628470') --> <!-- ko template: {
						name: 'a2c-or-next-order-button',
						data: {
							selectedVariant: $data,
							amendableOrder: $data.amendableOrder(),
							CTA: $data.CTA(),
							viewGrocery: $data.availability().statusOnline.viewGroceryEligible && $root.siteExperience() == "gm",
							detailUrl: "/en/ip/beatrice-sour-cream-14/6000198628470",
							trackingUrl: "",
							clickBeacon: ""
						}
					}
					-->
	<!-- ko if: $data.amendableOrder.allCallsAreSynchronized -->
		<!-- ko if: $data.amendableOrder.show --><!-- /ko -->

		<!-- ko ifnot: $data.amendableOrder.show -->

			
			<!-- ko if: $data.CTA.hasAvailableStatus && !!$data.CTA.text && !$data.viewGrocery -->
			<button class="button add-to-cart-btn limited-stock" data-bind="visible: $data.CTA.hasAvailableStatus, show: (!!$data.CTA.text), css: $data.CTA.status, attr: { 'data-click-tracking-url': $data.trackingUrl, 'data-click-beacon': $data.clickBeacon, 'aria-label': $data.CTA.status + ', ' + $data.CTA.text}" data-click-tracking-url="" data-click-beacon="" aria-label="limited-stock, Add to cart">
				<span class="ribbon-arrow" data-bind="html: $data.CTA.ribbonText, show: $data.CTA.ribbon">Limited Stock</span>
				<span class="btn-txt" data-bind="text: $data.CTA.text">Add to cart</span>
				<span class="loading-icon"></span>
			</button>
			<!-- /ko -->

			
			<!-- ko if: !$data.CTA.hasAvailableStatus && !!$data.CTA.text --><!-- /ko -->

			
			<!-- ko if: !$data.CTA.hasAvailableStatus && !$data.CTA.text --><!--/ko-->

			
			<!-- ko if: $data.CTA.hasAvailableStatus && !!$data.CTA.text  && $data.viewGrocery --><!-- /ko -->

		<!-- /ko -->

		<input type="hidden" data-bind="attr: { 'data-analytics-status-online': $data.selectedVariant.availability().statusOnline.status }" data-analytics-status-online="Available">
		<input type="hidden" data-bind="attr: { 'data-analytics-status-store': $data.selectedVariant.availability().statusStore.status }" data-analytics-status-store="">

	<!-- /ko -->
<!-- /ko --> <!-- /ko --> <!-- ko if : $root.findCartItemByRollupId('6000198628470') --><!-- /ko --> </div> </div> <input type="hidden" class="numSkus" value="1"> <input type="hidden" class="primary_parent_id" value="6000195496077"> <input type="hidden" class="categoryID" value="6000195496077"> <input type="hidden" class="displayTooltip" value="true"> <input type="hidden" class="productRollupID" value="6000198628470"> <input type="hidden" class="productID" value="6000198628471"> <input type="hidden" class="productSkus" value="{&quot;productid&quot;:&quot;6000198628471&quot;,&quot;skus&quot;:[[{&quot;skuid&quot;:&quot;6000198628471&quot;,&quot;minOrderQuantity&quot;:1,&quot;status&quot;:&quot;&quot;,&quot;eligibility_type&quot;:&quot;&quot;,&quot;date&quot;:&quot;&quot;,&quot;mfgr_sugd_rtl_amt&quot;:&quot;&quot;,&quot;price_comparison_qty&quot;:&quot;&quot;,&quot;price_comparison_unit&quot;:&quot;GR&quot;}]]}"> <input type="hidden" class="productQueryData" value="{&quot;6000198628470&quot;:[{&quot;sku&quot;:&quot;6000198628471&quot;,&quot;upc&quot;:[]}]}"> <input type="hidden" class="offerID" data-bind="attr: { value: $data.offerId }" value="6000198628471"> </div> </article>
<!-- /ko --> <!-- ko with: selectedVariant('6000023803917') -->
<div class="shelf-spacer"></div><article class="dynamic-cart-thumb stock-up-thumb product thumb-10054933 wgrid-2wAny marg-l-0" id="thumb-10054933" data-bind="css: { 'qty-toggle': $root.findCartItemByRollupId('6000023803917') }" data-rollup-id="6000023803917" data-automation="stock-up-thumb"> <div class="thumb-inner-wrap nutrition-enable nutrition-icon-enable"> <a class="product-link" data-bind="click: function() {$root.navigateToPip($data.availability().statusOnline.viewGroceryEligible &amp;&amp; $root.siteExperience() == 'gm', '/en/ip/great-value-unsalted-butter/6000023803917')}, attr: {href: !($data.availability().statusOnline.viewGroceryEligible &amp;&amp; $root.siteExperience() == 'gm') ? '/en/ip/great-value-unsalted-butter/6000023803917' : ''}" href="/en/ip/great-value-unsalted-butter/6000023803917"> <div class="badge-container"> <!-- ko template: { name: 'product-badges', if: !!$data.badgesAnalytics(), data: { badges: badges, badgesAnalytics: badgesAnalytics, screenReaderHidden : true } } -->
	<div class="badges" data-analytics-type="badges" data-bind="{ attr: { 'data-analytics-value': $data.badgesAnalytics(), 'aria-hidden' : $data.screenReaderHidden }, css : {'only-for-screen-reader' : !$data.screenReaderHidden} }" data-analytics-value="Exclusive" aria-hidden="true">
		<!-- ko foreach: { data: $data.badges, as: 'badge' } -->
			<!--ko ifnot: badge.isMultiSave -->
			<span class="badge" data-bind="text: badge.text, style: { color: badge.foregroundColor, background: badge.backgroundColor, border: badge.outlineColor }, attr: { id: badge.id, 'aria-label': 'On ' + badge.text + '.' }" id="Walmart Exclusive" aria-label="On Exclusive." style="color: rgb(0, 114, 206); background: rgb(255, 255, 255); border: 1px solid rgb(0, 114, 206);">Exclusive</span>
			<!--/ko-->
		
			<!--ko if: badge.isMultiSave--><!--/ko-->
		
		<!--/ko-->
	</div>
<!-- /ko --> <!-- ko ifnot: $data.badgesAnalytics() --><!-- /ko --> </div> <div aria-hidden="true" data-bind="template: { name: 'dynamic-thumb-qty-template', data: {item: $root.findCartItemByRollupId('6000023803917'), variants: 1 }}">

	<!--ko if: $data.item != null --><!-- /ko -->
</div> <div class="centered-img"> <div class="cmp-atc-thmb-wrp"> <span class="cmp-atc-thmb-state">✔</span><span class="cmp-atc-thmb-copy mobile-hide"></span> </div> <div class="centered-img-wrap"> <img alt="" class="image lazy-img" src="data:image/gif;base64,R0lGODlhAQABAIAAAAAAAP///yH5BAEAAAAALAAAAAABAAEAAAIBRAA7" data-original="//i5.walmartimages.ca/images/Thumbnails/r_4/54g/999999-30907733_UNSaltedButter_454g.jpg?odnBound=200" width="200" height="200"> </div> </div> <div class="product-details-container"> <div class="details"> <div class="title" aria-label="Great Value Unsalted Butter."> <h2 class="thumb-header">Great Value Unsalted Butter</h2> </div> <!-- ko template: { name: 'product-badges', if: !!$data.badgesAnalytics(), data: { badges: badges, badgesAnalytics: badgesAnalytics, screenReaderHidden : false } } -->
	<div class="badges only-for-screen-reader" data-analytics-type="badges" data-bind="{ attr: { 'data-analytics-value': $data.badgesAnalytics(), 'aria-hidden' : $data.screenReaderHidden }, css : {'only-for-screen-reader' : !$data.screenReaderHidden} }" data-analytics-value="Exclusive">
		<!-- ko foreach: { data: $data.badges, as: 'badge' } -->
			<!--ko ifnot: badge.isMultiSave -->
			<span class="badge" data-bind="text: badge.text, style: { color: badge.foregroundColor, background: badge.backgroundColor, border: badge.outlineColor }, attr: { id: badge.id, 'aria-label': 'On ' + badge.text + '.' }" id="Walmart Exclusive" aria-label="On Exclusive." style="color: rgb(0, 114, 206); background: rgb(255, 255, 255); border: 1px solid rgb(0, 114, 206);">Exclusive</span>
			<!--/ko-->
		
			<!--ko if: badge.isMultiSave--><!--/ko-->
		
		<!--/ko-->
	</div>
<!-- /ko --> <div class="only-for-screen-reader" data-bind="template: { name: 'dynamic-thumb-qty-template-only-for-screen-reader', data: {item: $root.findCartItemByRollupId('6000023803917'), variants: 1 }}">

	<!--ko if: $data.item != null --><!-- /ko -->
</div> <div class="description" aria-label="454 g."> 454 g </div> <div class="fade"></div> </div> <div class="ratings" data-automation="stock-up-ratings"> <div class="stars rating-5_0" aria-label="This product is rated 5 stars out of 5 stars," data-bind="template: { name: 'star-ratings' }">
	 <i class="star"></i>  <i class="star"></i>  <i class="star"></i>  <i class="star"></i>  <i class="star"></i> 
</div> <span class="review-count" aria-label="based on 3 reviews.">3 Reviews</span> <div class="fade"></div> </div> <div class="pricing-spacer" data-bind="component: { name: 'was-pricing', params: availability().pricing }"><div class="price-was" data-bind="html: wasPriceDisplay"></div><div class="price-cover"></div><div class="price-cover-percent"></div><div class="price-unit" data-bind="template: {name: &quot;price-per-unit-tooltip-template&quot;, data: pricePerUnit, afterRender: $root.initPricingPopup }">
	<a class="popup-opener popup-align-left price-unit-tooltip" data-title-headline="" data-title="This is a unit of measurement to help you compare the value of this item. Please know, this is not the price of the item itself." data-bind="text: $data, attr:{'aria-label' : '. Price is measured as ' + $data}" aria-label=". Price is measured as 98¢/100g">98¢/100g</a>
</div></div> <span class="all-price-sections"> <!-- ko ifnot: availability().pricing.mapPrice --> <div class="only-for-screen-reader" id="price">Price</div> <div class="price-current" data-bind="component: { name: 'current-pricing', params: { price: availability().pricing, simpleFormatting: true } }, css: { ranged: availability().pricing.ranged }"><div data-bind="possibleRangedCurrencyText: { data: price, simpleFormatting: simpleFormatting } "><span>$</span>4.47</div><div data-bind="template: {name: &quot;analytics-price-template&quot;, data: price, afterRender: $root.initVariableWeightPopup }">
	<span style="display:none;" data-analytics-type="product-price" class="product-price-analytics" data-analytics-value="4.47" data-bind="attr: { 'data-analytics-value': $data }">
	</span>
</div></div> <!-- /ko --> <!-- ko if: availability().pricing.mapPrice --><!-- /ko --> </span> </div> </a> <!-- ko if: true --> <div class="flyout-menu-trigger product-nutritionInfo" id="tooltip-6000023803917" aria-describedby="tooltip-desc-6000023803917" role="tooltip"> <button class="product-nutritionInfo-icon nutrition-icon-visible" aria-label="Nutritional Icon"></button> <div class="flyout-menu-wrap" analytics-trigger="analytics-ghs" analytics-data="ingredients" aria-expanded="false"> <button class="closeButton" aria-label="Nutritional Close"></button> <i class="arrow up"></i> <div class="flyout-menu-content"> <h3>Ingredients</h3> <div class="ingredients_content"> <p class="dietaryInfo" id="6000023803917"></p> </div> </div> </div> </div> <!-- /ko --> <div class="cart-qty-wrap"> <div class="floater"> <!-- ko ifnot : $root.findCartItemByRollupId('6000023803917') --> <!-- ko template: {
						name: 'a2c-or-next-order-button',
						data: {
							selectedVariant: $data,
							amendableOrder: $data.amendableOrder(),
							CTA: $data.CTA(),
							viewGrocery: $data.availability().statusOnline.viewGroceryEligible && $root.siteExperience() == "gm",
							detailUrl: "/en/ip/great-value-unsalted-butter/6000023803917",
							trackingUrl: "",
							clickBeacon: ""
						}
					}
					-->
	<!-- ko if: $data.amendableOrder.allCallsAreSynchronized -->
		<!-- ko if: $data.amendableOrder.show --><!-- /ko -->

		<!-- ko ifnot: $data.amendableOrder.show -->

			
			<!-- ko if: $data.CTA.hasAvailableStatus && !!$data.CTA.text && !$data.viewGrocery -->
			<button class="button add-to-cart-btn limited-stock" data-bind="visible: $data.CTA.hasAvailableStatus, show: (!!$data.CTA.text), css: $data.CTA.status, attr: { 'data-click-tracking-url': $data.trackingUrl, 'data-click-beacon': $data.clickBeacon, 'aria-label': $data.CTA.status + ', ' + $data.CTA.text}" data-click-tracking-url="" data-click-beacon="" aria-label="limited-stock, Add to cart">
				<span class="ribbon-arrow" data-bind="html: $data.CTA.ribbonText, show: $data.CTA.ribbon">Limited Stock</span>
				<span class="btn-txt" data-bind="text: $data.CTA.text">Add to cart</span>
				<span class="loading-icon"></span>
			</button>
			<!-- /ko -->

			
			<!-- ko if: !$data.CTA.hasAvailableStatus && !!$data.CTA.text --><!-- /ko -->

			
			<!-- ko if: !$data.CTA.hasAvailableStatus && !$data.CTA.text --><!--/ko-->

			
			<!-- ko if: $data.CTA.hasAvailableStatus && !!$data.CTA.text  && $data.viewGrocery --><!-- /ko -->

		<!-- /ko -->

		<input type="hidden" data-bind="attr: { 'data-analytics-status-online': $data.selectedVariant.availability().statusOnline.status }" data-analytics-status-online="Available">
		<input type="hidden" data-bind="attr: { 'data-analytics-status-store': $data.selectedVariant.availability().statusStore.status }" data-analytics-status-store="">

	<!-- /ko -->
<!-- /ko --> <!-- /ko --> <!-- ko if : $root.findCartItemByRollupId('6000023803917') --><!-- /ko --> </div> </div> <input type="hidden" class="numSkus" value="1"> <input type="hidden" class="primary_parent_id" value="6000194327387"> <input type="hidden" class="categoryID" value="6000194327387"> <input type="hidden" class="displayTooltip" value="true"> <input type="hidden" class="productRollupID" value="6000023803917"> <input type="hidden" class="productID" value="10054933"> <input type="hidden" class="productSkus" value="{&quot;productid&quot;:&quot;10054933&quot;,&quot;skus&quot;:[[{&quot;skuid&quot;:&quot;10054933&quot;,&quot;minOrderQuantity&quot;:1,&quot;status&quot;:&quot;&quot;,&quot;eligibility_type&quot;:&quot;&quot;,&quot;date&quot;:&quot;&quot;,&quot;mfgr_sugd_rtl_amt&quot;:&quot;&quot;,&quot;price_comparison_qty&quot;:&quot;&quot;,&quot;price_comparison_unit&quot;:&quot;GR&quot;}]]}"> <input type="hidden" class="productQueryData" value="{&quot;6000023803917&quot;:[{&quot;sku&quot;:&quot;10054933&quot;,&quot;upc&quot;:[]}]}"> <input type="hidden" class="offerID" data-bind="attr: { value: $data.offerId }" value="10054933"> </div> </article>
<!-- /ko --> <!-- ko with: selectedVariant('6000075688855') -->
<article class="dynamic-cart-thumb stock-up-thumb product thumb-10183930 wgrid-2wAny" id="thumb-10183930" data-bind="css: { 'qty-toggle': $root.findCartItemByRollupId('6000075688855') }" data-rollup-id="6000075688855" data-automation="stock-up-thumb"> <div class="thumb-inner-wrap nutrition-enable nutrition-icon-enable"> <a class="product-link" data-bind="click: function() {$root.navigateToPip($data.availability().statusOnline.viewGroceryEligible &amp;&amp; $root.siteExperience() == 'gm', '/en/ip/dairyland-2-partly-skimmed-milk/6000075688855')}, attr: {href: !($data.availability().statusOnline.viewGroceryEligible &amp;&amp; $root.siteExperience() == 'gm') ? '/en/ip/dairyland-2-partly-skimmed-milk/6000075688855' : ''}" href="/en/ip/dairyland-2-partly-skimmed-milk/6000075688855"> <div class="badge-container"> <!-- ko template: { name: 'product-badges', if: !!$data.badgesAnalytics(), data: { badges: badges, badgesAnalytics: badgesAnalytics, screenReaderHidden : true } } --><!-- /ko --> <!-- ko ifnot: $data.badgesAnalytics() --> <span class="badge"></span> <!-- /ko --> </div> <div aria-hidden="true" data-bind="template: { name: 'dynamic-thumb-qty-template', data: {item: $root.findCartItemByRollupId('6000075688855'), variants: 1 }}">

	<!--ko if: $data.item != null --><!-- /ko -->
</div> <div class="centered-img"> <div class="cmp-atc-thmb-wrp"> <span class="cmp-atc-thmb-state">✔</span><span class="cmp-atc-thmb-copy mobile-hide"></span> </div> <div class="centered-img-wrap"> <img alt="" class="image lazy-img" src="data:image/gif;base64,R0lGODlhAQABAIAAAAAAAP///yH5BAEAAAAALAAAAAABAAEAAAIBRAA7" data-original="//i5.walmartimages.ca/images/Thumbnails/190/900/190900.jpg?odnBound=200" width="200" height="200"> </div> </div> <div class="product-details-container"> <div class="details"> <div class="title" aria-label="Dairyland 2% Partly Skimmed Milk."> <h2 class="thumb-header">Dairyland 2% Partly Skimmed Milk</h2> </div> <!-- ko template: { name: 'product-badges', if: !!$data.badgesAnalytics(), data: { badges: badges, badgesAnalytics: badgesAnalytics, screenReaderHidden : false } } --><!-- /ko --> <div class="only-for-screen-reader" data-bind="template: { name: 'dynamic-thumb-qty-template-only-for-screen-reader', data: {item: $root.findCartItemByRollupId('6000075688855'), variants: 1 }}">

	<!--ko if: $data.item != null --><!-- /ko -->
</div> <div class="description" aria-label="2 L."> 2 L </div> <div class="fade"></div> </div> <div class="ratings" data-automation="stock-up-ratings"> <div class="stars rating-5_0" aria-label="This product is rated 5 stars out of 5 stars," data-bind="template: { name: 'star-ratings' }">
	 <i class="star"></i>  <i class="star"></i>  <i class="star"></i>  <i class="star"></i>  <i class="star"></i> 
</div> <span class="review-count" aria-label="based on 1 review.">1 Review</span> <div class="fade"></div> </div> <div class="pricing-spacer" data-bind="component: { name: 'was-pricing', params: availability().pricing }"><div class="price-was" data-bind="html: wasPriceDisplay"></div><div class="price-cover"></div><div class="price-cover-percent"></div><div class="price-unit" data-bind="template: {name: &quot;price-per-unit-tooltip-template&quot;, data: pricePerUnit, afterRender: $root.initPricingPopup }">
	<a class="popup-opener popup-align-left price-unit-tooltip" data-title-headline="" data-title="This is a unit of measurement to help you compare the value of this item. Please know, this is not the price of the item itself." data-bind="text: $data, attr:{'aria-label' : '. Price is measured as ' + $data}" aria-label=". Price is measured as 19¢/100ml">19¢/100ml</a>
</div></div> <span class="all-price-sections"> <!-- ko ifnot: availability().pricing.mapPrice --> <div class="only-for-screen-reader" id="price">Price</div> <div class="price-current" data-bind="component: { name: 'current-pricing', params: { price: availability().pricing, simpleFormatting: true } }, css: { ranged: availability().pricing.ranged }"><div data-bind="possibleRangedCurrencyText: { data: price, simpleFormatting: simpleFormatting } "><span>$</span>3.87</div><div data-bind="template: {name: &quot;analytics-price-template&quot;, data: price, afterRender: $root.initVariableWeightPopup }">
	<span style="display:none;" data-analytics-type="product-price" class="product-price-analytics" data-analytics-value="3.87" data-bind="attr: { 'data-analytics-value': $data }">
	</span>
</div></div> <!-- /ko --> <!-- ko if: availability().pricing.mapPrice --><!-- /ko --> </span> </div> </a> <!-- ko if: true --> <div class="flyout-menu-trigger product-nutritionInfo" id="tooltip-6000075688855" aria-describedby="tooltip-desc-6000075688855" role="tooltip"> <button class="product-nutritionInfo-icon nutrition-icon-visible" aria-label="Nutritional Icon"></button> <div class="flyout-menu-wrap" analytics-trigger="analytics-ghs" analytics-data="ingredients" aria-expanded="false"> <button class="closeButton" aria-label="Nutritional Close"></button> <i class="arrow up"></i> <div class="flyout-menu-content"> <h3>Ingredients</h3> <div class="ingredients_content"> <p class="dietaryInfo" id="6000075688855"></p> </div> </div> </div> </div> <!-- /ko --> <div class="cart-qty-wrap"> <div class="floater"> <!-- ko ifnot : $root.findCartItemByRollupId('6000075688855') --> <!-- ko template: {
						name: 'a2c-or-next-order-button',
						data: {
							selectedVariant: $data,
							amendableOrder: $data.amendableOrder(),
							CTA: $data.CTA(),
							viewGrocery: $data.availability().statusOnline.viewGroceryEligible && $root.siteExperience() == "gm",
							detailUrl: "/en/ip/dairyland-2-partly-skimmed-milk/6000075688855",
							trackingUrl: "",
							clickBeacon: ""
						}
					}
					-->
	<!-- ko if: $data.amendableOrder.allCallsAreSynchronized -->
		<!-- ko if: $data.amendableOrder.show --><!-- /ko -->

		<!-- ko ifnot: $data.amendableOrder.show -->

			
			<!-- ko if: $data.CTA.hasAvailableStatus && !!$data.CTA.text && !$data.viewGrocery -->
			<button class="button add-to-cart-btn limited-stock" data-bind="visible: $data.CTA.hasAvailableStatus, show: (!!$data.CTA.text), css: $data.CTA.status, attr: { 'data-click-tracking-url': $data.trackingUrl, 'data-click-beacon': $data.clickBeacon, 'aria-label': $data.CTA.status + ', ' + $data.CTA.text}" data-click-tracking-url="" data-click-beacon="" aria-label="limited-stock, Add to cart">
				<span class="ribbon-arrow" data-bind="html: $data.CTA.ribbonText, show: $data.CTA.ribbon">Limited Stock</span>
				<span class="btn-txt" data-bind="text: $data.CTA.text">Add to cart</span>
				<span class="loading-icon"></span>
			</button>
			<!-- /ko -->

			
			<!-- ko if: !$data.CTA.hasAvailableStatus && !!$data.CTA.text --><!-- /ko -->

			
			<!-- ko if: !$data.CTA.hasAvailableStatus && !$data.CTA.text --><!--/ko-->

			
			<!-- ko if: $data.CTA.hasAvailableStatus && !!$data.CTA.text  && $data.viewGrocery --><!-- /ko -->

		<!-- /ko -->

		<input type="hidden" data-bind="attr: { 'data-analytics-status-online': $data.selectedVariant.availability().statusOnline.status }" data-analytics-status-online="Available">
		<input type="hidden" data-bind="attr: { 'data-analytics-status-store': $data.selectedVariant.availability().statusStore.status }" data-analytics-status-store="">

	<!-- /ko -->
<!-- /ko --> <!-- /ko --> <!-- ko if : $root.findCartItemByRollupId('6000075688855') --><!-- /ko --> </div> </div> <input type="hidden" class="numSkus" value="1"> <input type="hidden" class="primary_parent_id" value="6000194349400"> <input type="hidden" class="categoryID" value="6000194349400"> <input type="hidden" class="displayTooltip" value="true"> <input type="hidden" class="productRollupID" value="6000075688855"> <input type="hidden" class="productID" value="10183930"> <input type="hidden" class="productSkus" value="{&quot;productid&quot;:&quot;10183930&quot;,&quot;skus&quot;:[[{&quot;skuid&quot;:&quot;10183930&quot;,&quot;minOrderQuantity&quot;:1,&quot;status&quot;:&quot;&quot;,&quot;eligibility_type&quot;:&quot;&quot;,&quot;date&quot;:&quot;&quot;,&quot;mfgr_sugd_rtl_amt&quot;:&quot;&quot;,&quot;price_comparison_qty&quot;:&quot;&quot;,&quot;price_comparison_unit&quot;:&quot;ML&quot;}]]}"> <input type="hidden" class="productQueryData" value="{&quot;6000075688855&quot;:[{&quot;sku&quot;:&quot;10183930&quot;,&quot;upc&quot;:[]}]}"> <input type="hidden" class="offerID" data-bind="attr: { value: $data.offerId }" value="10183930"> </div> </article>
<!-- /ko --> <!-- ko with: selectedVariant('6000196823899') -->
<article class="dynamic-cart-thumb stock-up-thumb product thumb-6000196823900 wgrid-2wAny" id="thumb-6000196823900" data-bind="css: { 'qty-toggle': $root.findCartItemByRollupId('6000196823899') }" data-rollup-id="6000196823899" data-automation="stock-up-thumb"> <div class="thumb-inner-wrap nutrition-enable nutrition-icon-enable"> <a class="product-link" data-bind="click: function() {$root.navigateToPip($data.availability().statusOnline.viewGroceryEligible &amp;&amp; $root.siteExperience() == 'gm', '/en/ip/sparks-large-white-eggs/6000196823899')}, attr: {href: !($data.availability().statusOnline.viewGroceryEligible &amp;&amp; $root.siteExperience() == 'gm') ? '/en/ip/sparks-large-white-eggs/6000196823899' : ''}" href="/en/ip/sparks-large-white-eggs/6000196823899"> <div class="badge-container"> <!-- ko template: { name: 'product-badges', if: !!$data.badgesAnalytics(), data: { badges: badges, badgesAnalytics: badgesAnalytics, screenReaderHidden : true } } --><!-- /ko --> <!-- ko ifnot: $data.badgesAnalytics() --> <span class="badge"></span> <!-- /ko --> </div> <div aria-hidden="true" data-bind="template: { name: 'dynamic-thumb-qty-template', data: {item: $root.findCartItemByRollupId('6000196823899'), variants: 1 }}">

	<!--ko if: $data.item != null --><!-- /ko -->
</div> <div class="centered-img"> <div class="cmp-atc-thmb-wrp"> <span class="cmp-atc-thmb-state">✔</span><span class="cmp-atc-thmb-copy mobile-hide"></span> </div> <div class="centered-img-wrap"> <img alt="" class="image lazy-img" src="data:image/gif;base64,R0lGODlhAQABAIAAAAAAAP///yH5BAEAAAAALAAAAAABAAEAAAIBRAA7" data-original="//i5.walmartimages.ca/images/Thumbnails/001/415/999999-68258001415.jpg?odnBound=200" width="200" height="200"> </div> </div> <div class="product-details-container"> <div class="details"> <div class="title" aria-label="Sparks Large White Eggs."> <h2 class="thumb-header">Sparks Large White Eggs</h2> </div> <!-- ko template: { name: 'product-badges', if: !!$data.badgesAnalytics(), data: { badges: badges, badgesAnalytics: badgesAnalytics, screenReaderHidden : false } } --><!-- /ko --> <div class="only-for-screen-reader" data-bind="template: { name: 'dynamic-thumb-qty-template-only-for-screen-reader', data: {item: $root.findCartItemByRollupId('6000196823899'), variants: 1 }}">

	<!--ko if: $data.item != null --><!-- /ko -->
</div> <div class="description" aria-label="30 Count."> 30 Count </div> <div class="fade"></div> </div> <div class="ratings" data-automation="stock-up-ratings"> <div class="stars rating-5_0" aria-label="This product is rated 5 stars out of 5 stars," data-bind="template: { name: 'star-ratings' }">
	 <i class="star"></i>  <i class="star"></i>  <i class="star"></i>  <i class="star"></i>  <i class="star"></i> 
</div> <span class="review-count" aria-label="based on 1 review.">1 Review</span> <div class="fade"></div> </div> <div class="pricing-spacer" data-bind="component: { name: 'was-pricing', params: availability().pricing }"><div class="price-was" data-bind="html: wasPriceDisplay"></div><div class="price-cover"></div><div class="price-cover-percent"></div><div class="price-unit" data-bind="template: {name: &quot;price-per-unit-tooltip-template&quot;, data: pricePerUnit, afterRender: $root.initPricingPopup }">
	<a class="popup-opener popup-align-left price-unit-tooltip" data-title-headline="" data-title="This is a unit of measurement to help you compare the value of this item. Please know, this is not the price of the item itself." data-bind="text: $data, attr:{'aria-label' : '. Price is measured as ' + $data}" aria-label=". Price is measured as 26¢/each">26¢/each</a>
</div></div> <span class="all-price-sections"> <!-- ko ifnot: availability().pricing.mapPrice --> <div class="only-for-screen-reader" id="price">Price</div> <div class="price-current" data-bind="component: { name: 'current-pricing', params: { price: availability().pricing, simpleFormatting: true } }, css: { ranged: availability().pricing.ranged }"><div data-bind="possibleRangedCurrencyText: { data: price, simpleFormatting: simpleFormatting } "><span>$</span>7.82</div><div data-bind="template: {name: &quot;analytics-price-template&quot;, data: price, afterRender: $root.initVariableWeightPopup }">
	<span style="display:none;" data-analytics-type="product-price" class="product-price-analytics" data-analytics-value="7.82" data-bind="attr: { 'data-analytics-value': $data }">
	</span>
</div></div> <!-- /ko --> <!-- ko if: availability().pricing.mapPrice --><!-- /ko --> </span> </div> </a> <!-- ko if: true --> <div class="flyout-menu-trigger product-nutritionInfo" id="tooltip-6000196823899" aria-describedby="tooltip-desc-6000196823899" role="tooltip"> <button class="product-nutritionInfo-icon nutrition-icon-visible" aria-label="Nutritional Icon"></button> <div class="flyout-menu-wrap" analytics-trigger="analytics-ghs" analytics-data="ingredients" aria-expanded="false"> <button class="closeButton" aria-label="Nutritional Close"></button> <i class="arrow up"></i> <div class="flyout-menu-content"> <h3>Ingredients</h3> <div class="ingredients_content"> <p class="dietaryInfo" id="6000196823899"></p> </div> </div> </div> </div> <!-- /ko --> <div class="cart-qty-wrap"> <div class="floater"> <!-- ko ifnot : $root.findCartItemByRollupId('6000196823899') --> <!-- ko template: {
						name: 'a2c-or-next-order-button',
						data: {
							selectedVariant: $data,
							amendableOrder: $data.amendableOrder(),
							CTA: $data.CTA(),
							viewGrocery: $data.availability().statusOnline.viewGroceryEligible && $root.siteExperience() == "gm",
							detailUrl: "/en/ip/sparks-large-white-eggs/6000196823899",
							trackingUrl: "",
							clickBeacon: ""
						}
					}
					-->
	<!-- ko if: $data.amendableOrder.allCallsAreSynchronized -->
		<!-- ko if: $data.amendableOrder.show --><!-- /ko -->

		<!-- ko ifnot: $data.amendableOrder.show -->

			
			<!-- ko if: $data.CTA.hasAvailableStatus && !!$data.CTA.text && !$data.viewGrocery -->
			<button class="button add-to-cart-btn limited-stock" data-bind="visible: $data.CTA.hasAvailableStatus, show: (!!$data.CTA.text), css: $data.CTA.status, attr: { 'data-click-tracking-url': $data.trackingUrl, 'data-click-beacon': $data.clickBeacon, 'aria-label': $data.CTA.status + ', ' + $data.CTA.text}" data-click-tracking-url="" data-click-beacon="" aria-label="limited-stock, Add to cart">
				<span class="ribbon-arrow" data-bind="html: $data.CTA.ribbonText, show: $data.CTA.ribbon">Limited Stock</span>
				<span class="btn-txt" data-bind="text: $data.CTA.text">Add to cart</span>
				<span class="loading-icon"></span>
			</button>
			<!-- /ko -->

			
			<!-- ko if: !$data.CTA.hasAvailableStatus && !!$data.CTA.text --><!-- /ko -->

			
			<!-- ko if: !$data.CTA.hasAvailableStatus && !$data.CTA.text --><!--/ko-->

			
			<!-- ko if: $data.CTA.hasAvailableStatus && !!$data.CTA.text  && $data.viewGrocery --><!-- /ko -->

		<!-- /ko -->

		<input type="hidden" data-bind="attr: { 'data-analytics-status-online': $data.selectedVariant.availability().statusOnline.status }" data-analytics-status-online="Available">
		<input type="hidden" data-bind="attr: { 'data-analytics-status-store': $data.selectedVariant.availability().statusStore.status }" data-analytics-status-store="">

	<!-- /ko -->
<!-- /ko --> <!-- /ko --> <!-- ko if : $root.findCartItemByRollupId('6000196823899') --><!-- /ko --> </div> </div> <input type="hidden" class="numSkus" value="1"> <input type="hidden" class="primary_parent_id" value="6000194327389"> <input type="hidden" class="categoryID" value="6000194327389"> <input type="hidden" class="displayTooltip" value="true"> <input type="hidden" class="productRollupID" value="6000196823899"> <input type="hidden" class="productID" value="6000196823900"> <input type="hidden" class="productSkus" value="{&quot;productid&quot;:&quot;6000196823900&quot;,&quot;skus&quot;:[[{&quot;skuid&quot;:&quot;6000196823900&quot;,&quot;minOrderQuantity&quot;:1,&quot;status&quot;:&quot;&quot;,&quot;eligibility_type&quot;:&quot;&quot;,&quot;date&quot;:&quot;&quot;,&quot;mfgr_sugd_rtl_amt&quot;:&quot;&quot;,&quot;price_comparison_qty&quot;:&quot;&quot;,&quot;price_comparison_unit&quot;:&quot;&quot;}]]}"> <input type="hidden" class="productQueryData" value="{&quot;6000196823899&quot;:[{&quot;sku&quot;:&quot;6000196823900&quot;,&quot;upc&quot;:[]}]}"> <input type="hidden" class="offerID" data-bind="attr: { value: $data.offerId }" value="6000196823900"> </div> </article>
<!-- /ko --> <!-- ko with: selectedVariant('6000069571541') -->
<article class="dynamic-cart-thumb stock-up-thumb product thumb-10171377 wgrid-2wAny marg-r-0" id="thumb-10171377" data-bind="css: { 'qty-toggle': $root.findCartItemByRollupId('6000069571541') }" data-rollup-id="6000069571541" data-automation="stock-up-thumb"> <div class="thumb-inner-wrap nutrition-enable nutrition-icon-enable"> <a class="product-link" data-bind="click: function() {$root.navigateToPip($data.availability().statusOnline.viewGroceryEligible &amp;&amp; $root.siteExperience() == 'gm', '/en/ip/oikos-greek-yogurt-strawberry-flavour-2-mf-100g-pack-of-4/6000069571541')}, attr: {href: !($data.availability().statusOnline.viewGroceryEligible &amp;&amp; $root.siteExperience() == 'gm') ? '/en/ip/oikos-greek-yogurt-strawberry-flavour-2-mf-100g-pack-of-4/6000069571541' : ''}" href="/en/ip/oikos-greek-yogurt-strawberry-flavour-2-mf-100g-pack-of-4/6000069571541"> <div class="badge-container"> <!-- ko template: { name: 'product-badges', if: !!$data.badgesAnalytics(), data: { badges: badges, badgesAnalytics: badgesAnalytics, screenReaderHidden : true } } -->
	<div class="badges" data-analytics-type="badges" data-bind="{ attr: { 'data-analytics-value': $data.badgesAnalytics(), 'aria-hidden' : $data.screenReaderHidden }, css : {'only-for-screen-reader' : !$data.screenReaderHidden} }" data-analytics-value="empty_en" aria-hidden="true">
		<!-- ko foreach: { data: $data.badges, as: 'badge' } -->
			<!--ko ifnot: badge.isMultiSave --><!--/ko-->
		
			<!--ko if: badge.isMultiSave-->
			<div class="multisave-badges" data-bind="css: {'flyer-badges' : walmart.context.pageType === 'flyer'}">
				<div class="multisave-spark-container">
					<!--ko if: walmart.context.pageType === "flyer" --><!--/ko-->
					<!--ko ifnot: walmart.context.pageType === "flyer" -->
					<img src="/assets//img/multisave-badge/Multi-horizontal-en.svg">
					<!--/ko-->
				</div>
				<div class="multisave-price-count-container">
					<span class="badge-count" data-bind="text: badge.multiSave.quantity +' for'">3 for</span>
					<span class="badge-price" data-bind="html: badge.multiSave.price"><span>$</span>10</span>
				</div>
			</div>
			<!--/ko-->
		
		<!--/ko-->
	</div>
<!-- /ko --> <!-- ko ifnot: $data.badgesAnalytics() --><!-- /ko --> </div> <div aria-hidden="true" data-bind="template: { name: 'dynamic-thumb-qty-template', data: {item: $root.findCartItemByRollupId('6000069571541'), variants: 1 }}">

	<!--ko if: $data.item != null --><!-- /ko -->
</div> <div class="centered-img"> <div class="cmp-atc-thmb-wrp"> <span class="cmp-atc-thmb-state">✔</span><span class="cmp-atc-thmb-copy mobile-hide"></span> </div> <div class="centered-img-wrap"> <img alt="" class="image lazy-img" src="data:image/gif;base64,R0lGODlhAQABAIAAAAAAAP///yH5BAEAAAAALAAAAAABAAEAAAIBRAA7" data-original="//i5.walmartimages.ca/images/Thumbnails/276/942/6000202276942.jpg?odnBound=200" width="200" height="200"> </div> </div> <div class="product-details-container"> <div class="details"> <div class="title" aria-label="OIKOS Greek Yogurt, Strawberry Flavour, 2% M.F., 100g (Pack of 4)."> <h2 class="thumb-header">OIKOS Greek Yogurt, Strawberry Flavour, 2% M.F., 100g (Pack of 4)</h2> </div> <!-- ko template: { name: 'product-badges', if: !!$data.badgesAnalytics(), data: { badges: badges, badgesAnalytics: badgesAnalytics, screenReaderHidden : false } } -->
	<div class="badges only-for-screen-reader" data-analytics-type="badges" data-bind="{ attr: { 'data-analytics-value': $data.badgesAnalytics(), 'aria-hidden' : $data.screenReaderHidden }, css : {'only-for-screen-reader' : !$data.screenReaderHidden} }" data-analytics-value="empty_en">
		<!-- ko foreach: { data: $data.badges, as: 'badge' } -->
			<!--ko ifnot: badge.isMultiSave --><!--/ko-->
		
			<!--ko if: badge.isMultiSave-->
			<div class="multisave-badges" data-bind="css: {'flyer-badges' : walmart.context.pageType === 'flyer'}">
				<div class="multisave-spark-container">
					<!--ko if: walmart.context.pageType === "flyer" --><!--/ko-->
					<!--ko ifnot: walmart.context.pageType === "flyer" -->
					<img src="/assets//img/multisave-badge/Multi-horizontal-en.svg">
					<!--/ko-->
				</div>
				<div class="multisave-price-count-container">
					<span class="badge-count" data-bind="text: badge.multiSave.quantity +' for'">3 for</span>
					<span class="badge-price" data-bind="html: badge.multiSave.price"><span>$</span>10</span>
				</div>
			</div>
			<!--/ko-->
		
		<!--/ko-->
	</div>
<!-- /ko --> <div class="only-for-screen-reader" data-bind="template: { name: 'dynamic-thumb-qty-template-only-for-screen-reader', data: {item: $root.findCartItemByRollupId('6000069571541'), variants: 1 }}">

	<!--ko if: $data.item != null --><!-- /ko -->
</div> <div class="description" aria-label="4x100g."> 4x100g </div> <div class="fade"></div> </div> <div class="ratings" data-automation="stock-up-ratings"> <div class="stars rating-5_0" aria-label="This product is rated 5 stars out of 5 stars," data-bind="template: { name: 'star-ratings' }">
	 <i class="star"></i>  <i class="star"></i>  <i class="star"></i>  <i class="star"></i>  <i class="star"></i> 
</div> <span class="review-count" aria-label="based on 2 reviews.">2 Reviews</span> <div class="fade"></div> </div> <div class="pricing-spacer" data-bind="component: { name: 'was-pricing', params: availability().pricing }"><div class="price-was" data-bind="html: wasPriceDisplay"></div><div class="price-cover"></div><div class="price-cover-percent"></div><div class="price-unit" data-bind="template: {name: &quot;price-per-unit-tooltip-template&quot;, data: pricePerUnit, afterRender: $root.initPricingPopup }">
	<a class="popup-opener popup-align-left price-unit-tooltip" data-title-headline="" data-title="This is a unit of measurement to help you compare the value of this item. Please know, this is not the price of the item itself." data-bind="text: $data, attr:{'aria-label' : '. Price is measured as ' + $data}" aria-label=". Price is measured as 99¢/100g">99¢/100g</a>
</div></div> <span class="all-price-sections"> <!-- ko ifnot: availability().pricing.mapPrice --> <div class="only-for-screen-reader" id="price">Price</div> <div class="price-current" data-bind="component: { name: 'current-pricing', params: { price: availability().pricing, simpleFormatting: true } }, css: { ranged: availability().pricing.ranged }"><div data-bind="possibleRangedCurrencyText: { data: price, simpleFormatting: simpleFormatting } "><span>$</span>3.97</div><div data-bind="template: {name: &quot;analytics-price-template&quot;, data: price, afterRender: $root.initVariableWeightPopup }">
	<span style="display:none;" data-analytics-type="product-price" class="product-price-analytics" data-analytics-value="3.97" data-bind="attr: { 'data-analytics-value': $data }">
	</span>
</div></div> <!-- /ko --> <!-- ko if: availability().pricing.mapPrice --><!-- /ko --> </span> </div> </a> <!-- ko if: true --> <div class="flyout-menu-trigger product-nutritionInfo" id="tooltip-6000069571541" aria-describedby="tooltip-desc-6000069571541" role="tooltip"> <button class="product-nutritionInfo-icon nutrition-icon-visible" aria-label="Nutritional Icon"></button> <div class="flyout-menu-wrap" analytics-trigger="analytics-ghs" analytics-data="ingredients" aria-expanded="false"> <button class="closeButton" aria-label="Nutritional Close"></button> <i class="arrow up"></i> <div class="flyout-menu-content"> <h3>Ingredients</h3> <div class="ingredients_content"> <p class="dietaryInfo" id="6000069571541"></p> </div> </div> </div> </div> <!-- /ko --> <div class="cart-qty-wrap"> <div class="floater"> <!-- ko ifnot : $root.findCartItemByRollupId('6000069571541') --> <!-- ko template: {
						name: 'a2c-or-next-order-button',
						data: {
							selectedVariant: $data,
							amendableOrder: $data.amendableOrder(),
							CTA: $data.CTA(),
							viewGrocery: $data.availability().statusOnline.viewGroceryEligible && $root.siteExperience() == "gm",
							detailUrl: "/en/ip/oikos-greek-yogurt-strawberry-flavour-2-mf-100g-pack-of-4/6000069571541",
							trackingUrl: "",
							clickBeacon: ""
						}
					}
					-->
	<!-- ko if: $data.amendableOrder.allCallsAreSynchronized -->
		<!-- ko if: $data.amendableOrder.show --><!-- /ko -->

		<!-- ko ifnot: $data.amendableOrder.show -->

			
			<!-- ko if: $data.CTA.hasAvailableStatus && !!$data.CTA.text && !$data.viewGrocery -->
			<button class="button add-to-cart-btn limited-stock" data-bind="visible: $data.CTA.hasAvailableStatus, show: (!!$data.CTA.text), css: $data.CTA.status, attr: { 'data-click-tracking-url': $data.trackingUrl, 'data-click-beacon': $data.clickBeacon, 'aria-label': $data.CTA.status + ', ' + $data.CTA.text}" data-click-tracking-url="" data-click-beacon="" aria-label="limited-stock, Add to cart">
				<span class="ribbon-arrow" data-bind="html: $data.CTA.ribbonText, show: $data.CTA.ribbon">Limited Stock</span>
				<span class="btn-txt" data-bind="text: $data.CTA.text">Add to cart</span>
				<span class="loading-icon"></span>
			</button>
			<!-- /ko -->

			
			<!-- ko if: !$data.CTA.hasAvailableStatus && !!$data.CTA.text --><!-- /ko -->

			
			<!-- ko if: !$data.CTA.hasAvailableStatus && !$data.CTA.text --><!--/ko-->

			
			<!-- ko if: $data.CTA.hasAvailableStatus && !!$data.CTA.text  && $data.viewGrocery --><!-- /ko -->

		<!-- /ko -->

		<input type="hidden" data-bind="attr: { 'data-analytics-status-online': $data.selectedVariant.availability().statusOnline.status }" data-analytics-status-online="Available">
		<input type="hidden" data-bind="attr: { 'data-analytics-status-store': $data.selectedVariant.availability().statusStore.status }" data-analytics-status-store="">

	<!-- /ko -->
<!-- /ko --> <!-- /ko --> <!-- ko if : $root.findCartItemByRollupId('6000069571541') --><!-- /ko --> </div> </div> <input type="hidden" class="numSkus" value="1"> <input type="hidden" class="primary_parent_id" value="6000195507612"> <input type="hidden" class="categoryID" value="6000195507612"> <input type="hidden" class="displayTooltip" value="true"> <input type="hidden" class="productRollupID" value="6000069571541"> <input type="hidden" class="productID" value="10171377"> <input type="hidden" class="productSkus" value="{&quot;productid&quot;:&quot;10171377&quot;,&quot;skus&quot;:[[{&quot;skuid&quot;:&quot;10171377&quot;,&quot;minOrderQuantity&quot;:1,&quot;status&quot;:&quot;&quot;,&quot;eligibility_type&quot;:&quot;&quot;,&quot;date&quot;:&quot;&quot;,&quot;mfgr_sugd_rtl_amt&quot;:&quot;&quot;,&quot;price_comparison_qty&quot;:&quot;&quot;,&quot;price_comparison_unit&quot;:&quot;GR&quot;}]]}"> <input type="hidden" class="productQueryData" value="{&quot;6000069571541&quot;:[{&quot;sku&quot;:&quot;10171377&quot;,&quot;upc&quot;:[]}]}"> <input type="hidden" class="offerID" data-bind="attr: { value: $data.offerId }" value="10171377"> </div> </article>
<!-- /ko --> <!-- ko with: selectedVariant('6000091056539') -->
<div class="shelf-spacer"></div><article class="dynamic-cart-thumb stock-up-thumb product thumb-10207134 wgrid-2wAny marg-l-0" id="thumb-10207134" data-bind="css: { 'qty-toggle': $root.findCartItemByRollupId('6000091056539') }" data-rollup-id="6000091056539" data-automation="stock-up-thumb"> <div class="thumb-inner-wrap nutrition-enable nutrition-icon-enable"> <a class="product-link" data-bind="click: function() {$root.navigateToPip($data.availability().statusOnline.viewGroceryEligible &amp;&amp; $root.siteExperience() == 'gm', '/en/ip/silk-almond-beverage-original-dairy-free-189l/6000091056539')}, attr: {href: !($data.availability().statusOnline.viewGroceryEligible &amp;&amp; $root.siteExperience() == 'gm') ? '/en/ip/silk-almond-beverage-original-dairy-free-189l/6000091056539' : ''}" href="/en/ip/silk-almond-beverage-original-dairy-free-189l/6000091056539"> <div class="badge-container"> <!-- ko template: { name: 'product-badges', if: !!$data.badgesAnalytics(), data: { badges: badges, badgesAnalytics: badgesAnalytics, screenReaderHidden : true } } -->
	<div class="badges" data-analytics-type="badges" data-bind="{ attr: { 'data-analytics-value': $data.badgesAnalytics(), 'aria-hidden' : $data.screenReaderHidden }, css : {'only-for-screen-reader' : !$data.screenReaderHidden} }" data-analytics-value="empty_en" aria-hidden="true">
		<!-- ko foreach: { data: $data.badges, as: 'badge' } -->
			<!--ko ifnot: badge.isMultiSave --><!--/ko-->
		
			<!--ko if: badge.isMultiSave-->
			<div class="multisave-badges" data-bind="css: {'flyer-badges' : walmart.context.pageType === 'flyer'}">
				<div class="multisave-spark-container">
					<!--ko if: walmart.context.pageType === "flyer" --><!--/ko-->
					<!--ko ifnot: walmart.context.pageType === "flyer" -->
					<img src="/assets//img/multisave-badge/Multi-horizontal-en.svg">
					<!--/ko-->
				</div>
				<div class="multisave-price-count-container">
					<span class="badge-count" data-bind="text: badge.multiSave.quantity +' for'">2 for</span>
					<span class="badge-price" data-bind="html: badge.multiSave.price"><span>$</span>7</span>
				</div>
			</div>
			<!--/ko-->
		
		<!--/ko-->
	</div>
<!-- /ko --> <!-- ko ifnot: $data.badgesAnalytics() --><!-- /ko --> </div> <div aria-hidden="true" data-bind="template: { name: 'dynamic-thumb-qty-template', data: {item: $root.findCartItemByRollupId('6000091056539'), variants: 1 }}">

	<!--ko if: $data.item != null --><!-- /ko -->
</div> <div class="centered-img"> <div class="cmp-atc-thmb-wrp"> <span class="cmp-atc-thmb-state">✔</span><span class="cmp-atc-thmb-copy mobile-hide"></span> </div> <div class="centered-img-wrap"> <img alt="" class="image lazy-img" src="data:image/gif;base64,R0lGODlhAQABAIAAAAAAAP///yH5BAEAAAAALAAAAAABAAEAAAIBRAA7" data-original="//i5.walmartimages.ca/images/Thumbnails/724/242/6000198724242.jpg?odnBound=200" width="200" height="200"> </div> </div> <div class="product-details-container"> <div class="details"> <div class="title" aria-label="SILK Almond Beverage, Original, Dairy-Free, 1.89L."> <h2 class="thumb-header">SILK Almond Beverage, Original, Dairy-Free, 1.89L</h2> </div> <!-- ko template: { name: 'product-badges', if: !!$data.badgesAnalytics(), data: { badges: badges, badgesAnalytics: badgesAnalytics, screenReaderHidden : false } } -->
	<div class="badges only-for-screen-reader" data-analytics-type="badges" data-bind="{ attr: { 'data-analytics-value': $data.badgesAnalytics(), 'aria-hidden' : $data.screenReaderHidden }, css : {'only-for-screen-reader' : !$data.screenReaderHidden} }" data-analytics-value="empty_en">
		<!-- ko foreach: { data: $data.badges, as: 'badge' } -->
			<!--ko ifnot: badge.isMultiSave --><!--/ko-->
		
			<!--ko if: badge.isMultiSave-->
			<div class="multisave-badges" data-bind="css: {'flyer-badges' : walmart.context.pageType === 'flyer'}">
				<div class="multisave-spark-container">
					<!--ko if: walmart.context.pageType === "flyer" --><!--/ko-->
					<!--ko ifnot: walmart.context.pageType === "flyer" -->
					<img src="/assets//img/multisave-badge/Multi-horizontal-en.svg">
					<!--/ko-->
				</div>
				<div class="multisave-price-count-container">
					<span class="badge-count" data-bind="text: badge.multiSave.quantity +' for'">2 for</span>
					<span class="badge-price" data-bind="html: badge.multiSave.price"><span>$</span>7</span>
				</div>
			</div>
			<!--/ko-->
		
		<!--/ko-->
	</div>
<!-- /ko --> <div class="only-for-screen-reader" data-bind="template: { name: 'dynamic-thumb-qty-template-only-for-screen-reader', data: {item: $root.findCartItemByRollupId('6000091056539'), variants: 1 }}">

	<!--ko if: $data.item != null --><!-- /ko -->
</div> <div class="description" aria-label="1.89L."> 1.89L </div> <div class="fade"></div> </div> <div class="ratings" data-automation="stock-up-ratings"> <div class="stars rating-3_0" aria-label="This product is rated 3 stars out of 5 stars," data-bind="template: { name: 'star-ratings' }">
	 <i class="star"></i>  <i class="star"></i>  <i class="star"></i>  <i class="star"></i>  <i class="star"></i> 
</div> <span class="review-count" aria-label="based on 299 reviews.">299 Reviews</span> <div class="fade"></div> </div> <div class="pricing-spacer" data-bind="component: { name: 'was-pricing', params: availability().pricing }"><div class="price-was" data-bind="html: wasPriceDisplay"></div><div class="price-cover"></div><div class="price-cover-percent"></div><div class="price-unit" data-bind="template: {name: &quot;price-per-unit-tooltip-template&quot;, data: pricePerUnit, afterRender: $root.initPricingPopup }">
	<a class="popup-opener popup-align-left price-unit-tooltip" data-title-headline="" data-title="This is a unit of measurement to help you compare the value of this item. Please know, this is not the price of the item itself." data-bind="text: $data, attr:{'aria-label' : '. Price is measured as ' + $data}" aria-label=". Price is measured as 21¢/100ml">21¢/100ml</a>
</div></div> <span class="all-price-sections"> <!-- ko ifnot: availability().pricing.mapPrice --> <div class="only-for-screen-reader" id="price">Price</div> <div class="price-current" data-bind="component: { name: 'current-pricing', params: { price: availability().pricing, simpleFormatting: true } }, css: { ranged: availability().pricing.ranged }"><div data-bind="possibleRangedCurrencyText: { data: price, simpleFormatting: simpleFormatting } "><span>$</span>3.97</div><div data-bind="template: {name: &quot;analytics-price-template&quot;, data: price, afterRender: $root.initVariableWeightPopup }">
	<span style="display:none;" data-analytics-type="product-price" class="product-price-analytics" data-analytics-value="3.97" data-bind="attr: { 'data-analytics-value': $data }">
	</span>
</div></div> <!-- /ko --> <!-- ko if: availability().pricing.mapPrice --><!-- /ko --> </span> </div> </a> <!-- ko if: true --> <div class="flyout-menu-trigger product-nutritionInfo" id="tooltip-6000091056539" aria-describedby="tooltip-desc-6000091056539" role="tooltip"> <button class="product-nutritionInfo-icon nutrition-icon-visible" aria-label="Nutritional Icon"></button> <div class="flyout-menu-wrap" analytics-trigger="analytics-ghs" analytics-data="ingredients" aria-expanded="false"> <button class="closeButton" aria-label="Nutritional Close"></button> <i class="arrow up"></i> <div class="flyout-menu-content"> <h3>Ingredients</h3> <div class="ingredients_content"> <p class="dietaryInfo" id="6000091056539"></p> </div> </div> </div> </div> <!-- /ko --> <div class="cart-qty-wrap"> <div class="floater"> <!-- ko ifnot : $root.findCartItemByRollupId('6000091056539') --> <!-- ko template: {
						name: 'a2c-or-next-order-button',
						data: {
							selectedVariant: $data,
							amendableOrder: $data.amendableOrder(),
							CTA: $data.CTA(),
							viewGrocery: $data.availability().statusOnline.viewGroceryEligible && $root.siteExperience() == "gm",
							detailUrl: "/en/ip/silk-almond-beverage-original-dairy-free-189l/6000091056539",
							trackingUrl: "",
							clickBeacon: ""
						}
					}
					-->
	<!-- ko if: $data.amendableOrder.allCallsAreSynchronized -->
		<!-- ko if: $data.amendableOrder.show --><!-- /ko -->

		<!-- ko ifnot: $data.amendableOrder.show -->

			
			<!-- ko if: $data.CTA.hasAvailableStatus && !!$data.CTA.text && !$data.viewGrocery -->
			<button class="button add-to-cart-btn limited-stock" data-bind="visible: $data.CTA.hasAvailableStatus, show: (!!$data.CTA.text), css: $data.CTA.status, attr: { 'data-click-tracking-url': $data.trackingUrl, 'data-click-beacon': $data.clickBeacon, 'aria-label': $data.CTA.status + ', ' + $data.CTA.text}" data-click-tracking-url="" data-click-beacon="" aria-label="limited-stock, Add to cart">
				<span class="ribbon-arrow" data-bind="html: $data.CTA.ribbonText, show: $data.CTA.ribbon">Limited Stock</span>
				<span class="btn-txt" data-bind="text: $data.CTA.text">Add to cart</span>
				<span class="loading-icon"></span>
			</button>
			<!-- /ko -->

			
			<!-- ko if: !$data.CTA.hasAvailableStatus && !!$data.CTA.text --><!-- /ko -->

			
			<!-- ko if: !$data.CTA.hasAvailableStatus && !$data.CTA.text --><!--/ko-->

			
			<!-- ko if: $data.CTA.hasAvailableStatus && !!$data.CTA.text  && $data.viewGrocery --><!-- /ko -->

		<!-- /ko -->

		<input type="hidden" data-bind="attr: { 'data-analytics-status-online': $data.selectedVariant.availability().statusOnline.status }" data-analytics-status-online="Available">
		<input type="hidden" data-bind="attr: { 'data-analytics-status-store': $data.selectedVariant.availability().statusStore.status }" data-analytics-status-store="">

	<!-- /ko -->
<!-- /ko --> <!-- /ko --> <!-- ko if : $root.findCartItemByRollupId('6000091056539') --><!-- /ko --> </div> </div> <input type="hidden" class="numSkus" value="1"> <input type="hidden" class="primary_parent_id" value="6000194349397"> <input type="hidden" class="categoryID" value="6000194349397"> <input type="hidden" class="displayTooltip" value="true"> <input type="hidden" class="productRollupID" value="6000091056539"> <input type="hidden" class="productID" value="10207134"> <input type="hidden" class="productSkus" value="{&quot;productid&quot;:&quot;10207134&quot;,&quot;skus&quot;:[[{&quot;skuid&quot;:&quot;10207134&quot;,&quot;minOrderQuantity&quot;:1,&quot;status&quot;:&quot;&quot;,&quot;eligibility_type&quot;:&quot;&quot;,&quot;date&quot;:&quot;&quot;,&quot;mfgr_sugd_rtl_amt&quot;:&quot;&quot;,&quot;price_comparison_qty&quot;:&quot;&quot;,&quot;price_comparison_unit&quot;:&quot;ML&quot;}]]}"> <input type="hidden" class="productQueryData" value="{&quot;6000091056539&quot;:[{&quot;sku&quot;:&quot;10207134&quot;,&quot;upc&quot;:[]}]}"> <input type="hidden" class="offerID" data-bind="attr: { value: $data.offerId }" value="10207134"> </div> </article>
<!-- /ko --> <!-- ko with: selectedVariant('6000201234475') -->
<article class="dynamic-cart-thumb stock-up-thumb product thumb-6000201234476 wgrid-2wAny" id="thumb-6000201234476" data-bind="css: { 'qty-toggle': $root.findCartItemByRollupId('6000201234475') }" data-rollup-id="6000201234475" data-automation="stock-up-thumb"> <div class="thumb-inner-wrap nutrition-enable nutrition-icon-enable"> <a class="product-link" data-bind="click: function() {$root.navigateToPip($data.availability().statusOnline.viewGroceryEligible &amp;&amp; $root.siteExperience() == 'gm', '/en/ip/black-diamond-old-400g/6000201234475')}, attr: {href: !($data.availability().statusOnline.viewGroceryEligible &amp;&amp; $root.siteExperience() == 'gm') ? '/en/ip/black-diamond-old-400g/6000201234475' : ''}" href="/en/ip/black-diamond-old-400g/6000201234475"> <div class="badge-container"> <!-- ko template: { name: 'product-badges', if: !!$data.badgesAnalytics(), data: { badges: badges, badgesAnalytics: badgesAnalytics, screenReaderHidden : true } } --><!-- /ko --> <!-- ko ifnot: $data.badgesAnalytics() --> <span class="badge"></span> <!-- /ko --> </div> <div aria-hidden="true" data-bind="template: { name: 'dynamic-thumb-qty-template', data: {item: $root.findCartItemByRollupId('6000201234475'), variants: 1 }}">

	<!--ko if: $data.item != null --><!-- /ko -->
</div> <div class="centered-img"> <div class="cmp-atc-thmb-wrp"> <span class="cmp-atc-thmb-state">✔</span><span class="cmp-atc-thmb-copy mobile-hide"></span> </div> <div class="centered-img-wrap"> <img alt="" class="image lazy-img" src="data:image/gif;base64,R0lGODlhAQABAIAAAAAAAP///yH5BAEAAAAALAAAAAABAAEAAAIBRAA7" data-original="//i5.walmartimages.ca/images/Thumbnails/083/160/6000202083160.jpg?odnBound=200" width="200" height="200"> </div> </div> <div class="product-details-container"> <div class="details"> <div class="title" aria-label="Black Diamond Old 400g."> <h2 class="thumb-header">Black Diamond Old 400g</h2> </div> <!-- ko template: { name: 'product-badges', if: !!$data.badgesAnalytics(), data: { badges: badges, badgesAnalytics: badgesAnalytics, screenReaderHidden : false } } --><!-- /ko --> <div class="only-for-screen-reader" data-bind="template: { name: 'dynamic-thumb-qty-template-only-for-screen-reader', data: {item: $root.findCartItemByRollupId('6000201234475'), variants: 1 }}">

	<!--ko if: $data.item != null --><!-- /ko -->
</div> <div class="description" aria-label="BD CHD COL OLD 400g."> BD CHD COL OLD 400g </div> <div class="fade"></div> </div> <div class="ratings" data-automation="stock-up-ratings"> <div class="stars rating-0_0" aria-label="This product has not been rated." data-bind="template: { name: 'star-ratings' }">
	 <i class="star"></i>  <i class="star"></i>  <i class="star"></i>  <i class="star"></i>  <i class="star"></i> 
</div> <span class="review-count" aria-label="This product hasn’t been reviewed.">0 Reviews</span> <div class="fade"></div> </div> <div class="pricing-spacer" data-bind="component: { name: 'was-pricing', params: availability().pricing }"><div class="price-was" data-bind="html: wasPriceDisplay"></div><div class="price-cover"></div><div class="price-cover-percent"></div><div class="price-unit" data-bind="template: {name: &quot;price-per-unit-tooltip-template&quot;, data: pricePerUnit, afterRender: $root.initPricingPopup }">
	<a class="popup-opener popup-align-left price-unit-tooltip" data-title-headline="" data-title="This is a unit of measurement to help you compare the value of this item. Please know, this is not the price of the item itself." data-bind="text: $data, attr:{'aria-label' : '. Price is measured as ' + $data}" aria-label=". Price is measured as $1.62/100g">$1.62/100g</a>
</div></div> <span class="all-price-sections"> <!-- ko ifnot: availability().pricing.mapPrice --> <div class="only-for-screen-reader" id="price">Price</div> <div class="price-current" data-bind="component: { name: 'current-pricing', params: { price: availability().pricing, simpleFormatting: true } }, css: { ranged: availability().pricing.ranged }"><div data-bind="possibleRangedCurrencyText: { data: price, simpleFormatting: simpleFormatting } "><span>$</span>6.47</div><div data-bind="template: {name: &quot;analytics-price-template&quot;, data: price, afterRender: $root.initVariableWeightPopup }">
	<span style="display:none;" data-analytics-type="product-price" class="product-price-analytics" data-analytics-value="6.47" data-bind="attr: { 'data-analytics-value': $data }">
	</span>
</div></div> <!-- /ko --> <!-- ko if: availability().pricing.mapPrice --><!-- /ko --> </span> </div> </a> <!-- ko if: true --> <div class="flyout-menu-trigger product-nutritionInfo" id="tooltip-6000201234475" aria-describedby="tooltip-desc-6000201234475" role="tooltip"> <button class="product-nutritionInfo-icon nutrition-icon-visible" aria-label="Nutritional Icon"></button> <div class="flyout-menu-wrap" analytics-trigger="analytics-ghs" analytics-data="ingredients" aria-expanded="false"> <button class="closeButton" aria-label="Nutritional Close"></button> <i class="arrow up"></i> <div class="flyout-menu-content"> <h3>Ingredients</h3> <div class="ingredients_content"> <p class="dietaryInfo" id="6000201234475"></p> </div> </div> </div> </div> <!-- /ko --> <div class="cart-qty-wrap"> <div class="floater"> <!-- ko ifnot : $root.findCartItemByRollupId('6000201234475') --> <!-- ko template: {
						name: 'a2c-or-next-order-button',
						data: {
							selectedVariant: $data,
							amendableOrder: $data.amendableOrder(),
							CTA: $data.CTA(),
							viewGrocery: $data.availability().statusOnline.viewGroceryEligible && $root.siteExperience() == "gm",
							detailUrl: "/en/ip/black-diamond-old-400g/6000201234475",
							trackingUrl: "",
							clickBeacon: ""
						}
					}
					-->
	<!-- ko if: $data.amendableOrder.allCallsAreSynchronized -->
		<!-- ko if: $data.amendableOrder.show --><!-- /ko -->

		<!-- ko ifnot: $data.amendableOrder.show -->

			
			<!-- ko if: $data.CTA.hasAvailableStatus && !!$data.CTA.text && !$data.viewGrocery -->
			<button class="button add-to-cart-btn limited-stock" data-bind="visible: $data.CTA.hasAvailableStatus, show: (!!$data.CTA.text), css: $data.CTA.status, attr: { 'data-click-tracking-url': $data.trackingUrl, 'data-click-beacon': $data.clickBeacon, 'aria-label': $data.CTA.status + ', ' + $data.CTA.text}" data-click-tracking-url="" data-click-beacon="" aria-label="limited-stock, Add to cart">
				<span class="ribbon-arrow" data-bind="html: $data.CTA.ribbonText, show: $data.CTA.ribbon">Limited Stock</span>
				<span class="btn-txt" data-bind="text: $data.CTA.text">Add to cart</span>
				<span class="loading-icon"></span>
			</button>
			<!-- /ko -->

			
			<!-- ko if: !$data.CTA.hasAvailableStatus && !!$data.CTA.text --><!-- /ko -->

			
			<!-- ko if: !$data.CTA.hasAvailableStatus && !$data.CTA.text --><!--/ko-->

			
			<!-- ko if: $data.CTA.hasAvailableStatus && !!$data.CTA.text  && $data.viewGrocery --><!-- /ko -->

		<!-- /ko -->

		<input type="hidden" data-bind="attr: { 'data-analytics-status-online': $data.selectedVariant.availability().statusOnline.status }" data-analytics-status-online="Available">
		<input type="hidden" data-bind="attr: { 'data-analytics-status-store': $data.selectedVariant.availability().statusStore.status }" data-analytics-status-store="">

	<!-- /ko -->
<!-- /ko --> <!-- /ko --> <!-- ko if : $root.findCartItemByRollupId('6000201234475') --><!-- /ko --> </div> </div> <input type="hidden" class="numSkus" value="1"> <input type="hidden" class="primary_parent_id" value="6000194349390"> <input type="hidden" class="categoryID" value="6000194349390"> <input type="hidden" class="displayTooltip" value="true"> <input type="hidden" class="productRollupID" value="6000201234475"> <input type="hidden" class="productID" value="6000201234476"> <input type="hidden" class="productSkus" value="{&quot;productid&quot;:&quot;6000201234476&quot;,&quot;skus&quot;:[[{&quot;skuid&quot;:&quot;6000201234476&quot;,&quot;minOrderQuantity&quot;:1,&quot;status&quot;:&quot;&quot;,&quot;eligibility_type&quot;:&quot;&quot;,&quot;date&quot;:&quot;&quot;,&quot;mfgr_sugd_rtl_amt&quot;:&quot;&quot;,&quot;price_comparison_qty&quot;:&quot;&quot;,&quot;price_comparison_unit&quot;:&quot;GR&quot;}]]}"> <input type="hidden" class="productQueryData" value="{&quot;6000201234475&quot;:[{&quot;sku&quot;:&quot;6000201234476&quot;,&quot;upc&quot;:[]}]}"> <input type="hidden" class="offerID" data-bind="attr: { value: $data.offerId }" value="6000201234476"> </div> </article>
<!-- /ko --> <!-- ko with: selectedVariant('6000056691117') -->
<article class="dynamic-cart-thumb stock-up-thumb product thumb-10153003 wgrid-2wAny" id="thumb-10153003" data-bind="css: { 'qty-toggle': $root.findCartItemByRollupId('6000056691117') }" data-rollup-id="6000056691117" data-automation="stock-up-thumb"> <div class="thumb-inner-wrap nutrition-enable nutrition-icon-enable"> <a class="product-link" data-bind="click: function() {$root.navigateToPip($data.availability().statusOnline.viewGroceryEligible &amp;&amp; $root.siteExperience() == 'gm', '/en/ip/igo-nan-1-raspberry-drinkable-yogurt/6000056691117')}, attr: {href: !($data.availability().statusOnline.viewGroceryEligible &amp;&amp; $root.siteExperience() == 'gm') ? '/en/ip/igo-nan-1-raspberry-drinkable-yogurt/6000056691117' : ''}" href="/en/ip/igo-nan-1-raspberry-drinkable-yogurt/6000056691117"> <div class="badge-container"> <!-- ko template: { name: 'product-badges', if: !!$data.badgesAnalytics(), data: { badges: badges, badgesAnalytics: badgesAnalytics, screenReaderHidden : true } } --><!-- /ko --> <!-- ko ifnot: $data.badgesAnalytics() --> <span class="badge"></span> <!-- /ko --> </div> <div aria-hidden="true" data-bind="template: { name: 'dynamic-thumb-qty-template', data: {item: $root.findCartItemByRollupId('6000056691117'), variants: 1 }}">

	<!--ko if: $data.item != null --><!-- /ko -->
</div> <div class="centered-img"> <div class="cmp-atc-thmb-wrp"> <span class="cmp-atc-thmb-state">✔</span><span class="cmp-atc-thmb-copy mobile-hide"></span> </div> <div class="centered-img-wrap"> <img alt="" class="image lazy-img" src="data:image/gif;base64,R0lGODlhAQABAIAAAAAAAP///yH5BAEAAAAALAAAAAABAAEAAAIBRAA7" data-original="//i5.walmartimages.ca/images/Thumbnails/471/057/6000202471057.jpg?odnBound=200" width="200" height="200"> </div> </div> <div class="product-details-container"> <div class="details"> <div class="title" aria-label="iÖGO nanö 1% Raspberry Drinkable Yogurt."> <h2 class="thumb-header">iÖGO nanö 1% Raspberry Drinkable Yogurt</h2> </div> <!-- ko template: { name: 'product-badges', if: !!$data.badgesAnalytics(), data: { badges: badges, badgesAnalytics: badgesAnalytics, screenReaderHidden : false } } --><!-- /ko --> <div class="only-for-screen-reader" data-bind="template: { name: 'dynamic-thumb-qty-template-only-for-screen-reader', data: {item: $root.findCartItemByRollupId('6000056691117'), variants: 1 }}">

	<!--ko if: $data.item != null --><!-- /ko -->
</div> <div class="description" aria-label="6 x 93 mL."> 6 x 93 mL </div> <div class="fade"></div> </div> <div class="ratings" data-automation="stock-up-ratings"> <div class="stars rating-5_0" aria-label="This product is rated 5 stars out of 5 stars," data-bind="template: { name: 'star-ratings' }">
	 <i class="star"></i>  <i class="star"></i>  <i class="star"></i>  <i class="star"></i>  <i class="star"></i> 
</div> <span class="review-count" aria-label="based on 2 reviews.">2 Reviews</span> <div class="fade"></div> </div> <div class="pricing-spacer" data-bind="component: { name: 'was-pricing', params: availability().pricing }"><div class="price-was" data-bind="html: wasPriceDisplay"></div><div class="price-cover"></div><div class="price-cover-percent"></div><div class="price-unit" data-bind="template: {name: &quot;price-per-unit-tooltip-template&quot;, data: pricePerUnit, afterRender: $root.initPricingPopup }">
	<a class="popup-opener popup-align-left price-unit-tooltip" data-title-headline="" data-title="This is a unit of measurement to help you compare the value of this item. Please know, this is not the price of the item itself." data-bind="text: $data, attr:{'aria-label' : '. Price is measured as ' + $data}" aria-label=". Price is measured as 31¢/100ml">31¢/100ml</a>
</div></div> <span class="all-price-sections"> <!-- ko ifnot: availability().pricing.mapPrice --> <div class="only-for-screen-reader" id="price">Price</div> <div class="price-current" data-bind="component: { name: 'current-pricing', params: { price: availability().pricing, simpleFormatting: true } }, css: { ranged: availability().pricing.ranged }"><div data-bind="possibleRangedCurrencyText: { data: price, simpleFormatting: simpleFormatting } "><span>$</span>3.77</div><div data-bind="template: {name: &quot;analytics-price-template&quot;, data: price, afterRender: $root.initVariableWeightPopup }">
	<span style="display:none;" data-analytics-type="product-price" class="product-price-analytics" data-analytics-value="3.77" data-bind="attr: { 'data-analytics-value': $data }">
	</span>
</div></div> <!-- /ko --> <!-- ko if: availability().pricing.mapPrice --><!-- /ko --> </span> </div> </a> <!-- ko if: true --> <div class="flyout-menu-trigger product-nutritionInfo" id="tooltip-6000056691117" aria-describedby="tooltip-desc-6000056691117" role="tooltip"> <button class="product-nutritionInfo-icon nutrition-icon-visible" aria-label="Nutritional Icon"></button> <div class="flyout-menu-wrap" analytics-trigger="analytics-ghs" analytics-data="ingredients" aria-expanded="false"> <button class="closeButton" aria-label="Nutritional Close"></button> <i class="arrow up"></i> <div class="flyout-menu-content"> <h3>Ingredients</h3> <div class="ingredients_content"> <p class="dietaryInfo" id="6000056691117"></p> </div> </div> </div> </div> <!-- /ko --> <div class="cart-qty-wrap"> <div class="floater"> <!-- ko ifnot : $root.findCartItemByRollupId('6000056691117') --> <!-- ko template: {
						name: 'a2c-or-next-order-button',
						data: {
							selectedVariant: $data,
							amendableOrder: $data.amendableOrder(),
							CTA: $data.CTA(),
							viewGrocery: $data.availability().statusOnline.viewGroceryEligible && $root.siteExperience() == "gm",
							detailUrl: "/en/ip/igo-nan-1-raspberry-drinkable-yogurt/6000056691117",
							trackingUrl: "",
							clickBeacon: ""
						}
					}
					-->
	<!-- ko if: $data.amendableOrder.allCallsAreSynchronized -->
		<!-- ko if: $data.amendableOrder.show --><!-- /ko -->

		<!-- ko ifnot: $data.amendableOrder.show -->

			
			<!-- ko if: $data.CTA.hasAvailableStatus && !!$data.CTA.text && !$data.viewGrocery -->
			<button class="button add-to-cart-btn limited-stock" data-bind="visible: $data.CTA.hasAvailableStatus, show: (!!$data.CTA.text), css: $data.CTA.status, attr: { 'data-click-tracking-url': $data.trackingUrl, 'data-click-beacon': $data.clickBeacon, 'aria-label': $data.CTA.status + ', ' + $data.CTA.text}" data-click-tracking-url="" data-click-beacon="" aria-label="limited-stock, Add to cart">
				<span class="ribbon-arrow" data-bind="html: $data.CTA.ribbonText, show: $data.CTA.ribbon">Limited Stock</span>
				<span class="btn-txt" data-bind="text: $data.CTA.text">Add to cart</span>
				<span class="loading-icon"></span>
			</button>
			<!-- /ko -->

			
			<!-- ko if: !$data.CTA.hasAvailableStatus && !!$data.CTA.text --><!-- /ko -->

			
			<!-- ko if: !$data.CTA.hasAvailableStatus && !$data.CTA.text --><!--/ko-->

			
			<!-- ko if: $data.CTA.hasAvailableStatus && !!$data.CTA.text  && $data.viewGrocery --><!-- /ko -->

		<!-- /ko -->

		<input type="hidden" data-bind="attr: { 'data-analytics-status-online': $data.selectedVariant.availability().statusOnline.status }" data-analytics-status-online="Available">
		<input type="hidden" data-bind="attr: { 'data-analytics-status-store': $data.selectedVariant.availability().statusStore.status }" data-analytics-status-store="">

	<!-- /ko -->
<!-- /ko --> <!-- /ko --> <!-- ko if : $root.findCartItemByRollupId('6000056691117') --><!-- /ko --> </div> </div> <input type="hidden" class="numSkus" value="1"> <input type="hidden" class="primary_parent_id" value="6000195507615"> <input type="hidden" class="categoryID" value="6000195507615"> <input type="hidden" class="displayTooltip" value="true"> <input type="hidden" class="productRollupID" value="6000056691117"> <input type="hidden" class="productID" value="10153003"> <input type="hidden" class="productSkus" value="{&quot;productid&quot;:&quot;10153003&quot;,&quot;skus&quot;:[[{&quot;skuid&quot;:&quot;10153003&quot;,&quot;minOrderQuantity&quot;:1,&quot;status&quot;:&quot;&quot;,&quot;eligibility_type&quot;:&quot;&quot;,&quot;date&quot;:&quot;&quot;,&quot;mfgr_sugd_rtl_amt&quot;:&quot;&quot;,&quot;price_comparison_qty&quot;:&quot;&quot;,&quot;price_comparison_unit&quot;:&quot;ML&quot;}]]}"> <input type="hidden" class="productQueryData" value="{&quot;6000056691117&quot;:[{&quot;sku&quot;:&quot;10153003&quot;,&quot;upc&quot;:[]}]}"> <input type="hidden" class="offerID" data-bind="attr: { value: $data.offerId }" value="10153003"> </div> </article>
<!-- /ko --> <!-- ko with: selectedVariant('6000001843812') -->
<article class="dynamic-cart-thumb stock-up-thumb product thumb-10286906 wgrid-2wAny marg-r-0" id="thumb-10286906" data-bind="css: { 'qty-toggle': $root.findCartItemByRollupId('6000001843812') }" data-rollup-id="6000001843812" data-automation="stock-up-thumb"> <div class="thumb-inner-wrap nutrition-enable nutrition-icon-enable"> <a class="product-link" data-bind="click: function() {$root.navigateToPip($data.availability().statusOnline.viewGroceryEligible &amp;&amp; $root.siteExperience() == 'gm', '/en/ip/yoplait-source-peach-yogurt/6000001843812')}, attr: {href: !($data.availability().statusOnline.viewGroceryEligible &amp;&amp; $root.siteExperience() == 'gm') ? '/en/ip/yoplait-source-peach-yogurt/6000001843812' : ''}" href="/en/ip/yoplait-source-peach-yogurt/6000001843812"> <div class="badge-container"> <!-- ko template: { name: 'product-badges', if: !!$data.badgesAnalytics(), data: { badges: badges, badgesAnalytics: badgesAnalytics, screenReaderHidden : true } } --><!-- /ko --> <!-- ko ifnot: $data.badgesAnalytics() --> <span class="badge"></span> <!-- /ko --> </div> <div aria-hidden="true" data-bind="template: { name: 'dynamic-thumb-qty-template', data: {item: $root.findCartItemByRollupId('6000001843812'), variants: 1 }}">

	<!--ko if: $data.item != null --><!-- /ko -->
</div> <div class="centered-img"> <div class="cmp-atc-thmb-wrp"> <span class="cmp-atc-thmb-state">✔</span><span class="cmp-atc-thmb-copy mobile-hide"></span> </div> <div class="centered-img-wrap"> <img alt="" class="image lazy-img" src="data:image/gif;base64,R0lGODlhAQABAIAAAAAAAP///yH5BAEAAAAALAAAAAABAAEAAAIBRAA7" data-original="//i5.walmartimages.ca/images/Thumbnails/710/046/6000201710046.jpg?odnBound=200" width="200" height="200"> </div> </div> <div class="product-details-container"> <div class="details"> <div class="title" aria-label="Yoplait Source Peach Yogurt."> <h2 class="thumb-header">Yoplait Source Peach Yogurt</h2> </div> <!-- ko template: { name: 'product-badges', if: !!$data.badgesAnalytics(), data: { badges: badges, badgesAnalytics: badgesAnalytics, screenReaderHidden : false } } --><!-- /ko --> <div class="only-for-screen-reader" data-bind="template: { name: 'dynamic-thumb-qty-template-only-for-screen-reader', data: {item: $root.findCartItemByRollupId('6000001843812'), variants: 1 }}">

	<!--ko if: $data.item != null --><!-- /ko -->
</div> <div class="description" aria-label="650 g."> 650 g </div> <div class="fade"></div> </div> <div class="ratings" data-automation="stock-up-ratings"> <div class="stars rating-4_5" aria-label="This product is rated 4.5 stars out of 5 stars," data-bind="template: { name: 'star-ratings' }">
	 <i class="star"></i>  <i class="star"></i>  <i class="star"></i>  <i class="star"></i>  <i class="star"></i> 
</div> <span class="review-count" aria-label="based on 6 reviews.">6 Reviews</span> <div class="fade"></div> </div> <div class="pricing-spacer" data-bind="component: { name: 'was-pricing', params: availability().pricing }"><div class="price-was" data-bind="html: wasPriceDisplay"></div><div class="price-cover"></div><div class="price-cover-percent"></div><div class="price-unit" data-bind="template: {name: &quot;price-per-unit-tooltip-template&quot;, data: pricePerUnit, afterRender: $root.initPricingPopup }">
	<a class="popup-opener popup-align-left price-unit-tooltip" data-title-headline="" data-title="This is a unit of measurement to help you compare the value of this item. Please know, this is not the price of the item itself." data-bind="text: $data, attr:{'aria-label' : '. Price is measured as ' + $data}" aria-label=". Price is measured as 43¢/100g">43¢/100g</a>
</div></div> <span class="all-price-sections"> <!-- ko ifnot: availability().pricing.mapPrice --> <div class="only-for-screen-reader" id="price">Price</div> <div class="price-current" data-bind="component: { name: 'current-pricing', params: { price: availability().pricing, simpleFormatting: true } }, css: { ranged: availability().pricing.ranged }"><div data-bind="possibleRangedCurrencyText: { data: price, simpleFormatting: simpleFormatting } "><span>$</span>2.77</div><div data-bind="template: {name: &quot;analytics-price-template&quot;, data: price, afterRender: $root.initVariableWeightPopup }">
	<span style="display:none;" data-analytics-type="product-price" class="product-price-analytics" data-analytics-value="2.77" data-bind="attr: { 'data-analytics-value': $data }">
	</span>
</div></div> <!-- /ko --> <!-- ko if: availability().pricing.mapPrice --><!-- /ko --> </span> </div> </a> <!-- ko if: true --> <div class="flyout-menu-trigger product-nutritionInfo" id="tooltip-6000001843812" aria-describedby="tooltip-desc-6000001843812" role="tooltip"> <button class="product-nutritionInfo-icon nutrition-icon-visible" aria-label="Nutritional Icon"></button> <div class="flyout-menu-wrap" analytics-trigger="analytics-ghs" analytics-data="ingredients" aria-expanded="false"> <button class="closeButton" aria-label="Nutritional Close"></button> <i class="arrow up"></i> <div class="flyout-menu-content"> <h3>Ingredients</h3> <div class="ingredients_content"> <p class="dietaryInfo" id="6000001843812"></p> </div> </div> </div> </div> <!-- /ko --> <div class="cart-qty-wrap"> <div class="floater"> <!-- ko ifnot : $root.findCartItemByRollupId('6000001843812') --> <!-- ko template: {
						name: 'a2c-or-next-order-button',
						data: {
							selectedVariant: $data,
							amendableOrder: $data.amendableOrder(),
							CTA: $data.CTA(),
							viewGrocery: $data.availability().statusOnline.viewGroceryEligible && $root.siteExperience() == "gm",
							detailUrl: "/en/ip/yoplait-source-peach-yogurt/6000001843812",
							trackingUrl: "",
							clickBeacon: ""
						}
					}
					-->
	<!-- ko if: $data.amendableOrder.allCallsAreSynchronized -->
		<!-- ko if: $data.amendableOrder.show --><!-- /ko -->

		<!-- ko ifnot: $data.amendableOrder.show -->

			
			<!-- ko if: $data.CTA.hasAvailableStatus && !!$data.CTA.text && !$data.viewGrocery -->
			<button class="button add-to-cart-btn limited-stock" data-bind="visible: $data.CTA.hasAvailableStatus, show: (!!$data.CTA.text), css: $data.CTA.status, attr: { 'data-click-tracking-url': $data.trackingUrl, 'data-click-beacon': $data.clickBeacon, 'aria-label': $data.CTA.status + ', ' + $data.CTA.text}" data-click-tracking-url="" data-click-beacon="" aria-label="limited-stock, Add to cart">
				<span class="ribbon-arrow" data-bind="html: $data.CTA.ribbonText, show: $data.CTA.ribbon">Limited Stock</span>
				<span class="btn-txt" data-bind="text: $data.CTA.text">Add to cart</span>
				<span class="loading-icon"></span>
			</button>
			<!-- /ko -->

			
			<!-- ko if: !$data.CTA.hasAvailableStatus && !!$data.CTA.text --><!-- /ko -->

			
			<!-- ko if: !$data.CTA.hasAvailableStatus && !$data.CTA.text --><!--/ko-->

			
			<!-- ko if: $data.CTA.hasAvailableStatus && !!$data.CTA.text  && $data.viewGrocery --><!-- /ko -->

		<!-- /ko -->

		<input type="hidden" data-bind="attr: { 'data-analytics-status-online': $data.selectedVariant.availability().statusOnline.status }" data-analytics-status-online="Available">
		<input type="hidden" data-bind="attr: { 'data-analytics-status-store': $data.selectedVariant.availability().statusStore.status }" data-analytics-status-store="">

	<!-- /ko -->
<!-- /ko --> <!-- /ko --> <!-- ko if : $root.findCartItemByRollupId('6000001843812') --><!-- /ko --> </div> </div> <input type="hidden" class="numSkus" value="1"> <input type="hidden" class="primary_parent_id" value="6000195507613"> <input type="hidden" class="categoryID" value="6000195507613"> <input type="hidden" class="displayTooltip" value="true"> <input type="hidden" class="productRollupID" value="6000001843812"> <input type="hidden" class="productID" value="10286906"> <input type="hidden" class="productSkus" value="{&quot;productid&quot;:&quot;10286906&quot;,&quot;skus&quot;:[[{&quot;skuid&quot;:&quot;10286906&quot;,&quot;minOrderQuantity&quot;:1,&quot;status&quot;:&quot;&quot;,&quot;eligibility_type&quot;:&quot;&quot;,&quot;date&quot;:&quot;&quot;,&quot;mfgr_sugd_rtl_amt&quot;:&quot;&quot;,&quot;price_comparison_qty&quot;:&quot;&quot;,&quot;price_comparison_unit&quot;:&quot;GR&quot;}]]}"> <input type="hidden" class="productQueryData" value="{&quot;6000001843812&quot;:[{&quot;sku&quot;:&quot;10286906&quot;,&quot;upc&quot;:[]}]}"> <input type="hidden" class="offerID" data-bind="attr: { value: $data.offerId }" value="10286906"> </div> </article>
<!-- /ko --> </div> </div> <div id="shelf-pagination" class="row seo-pagination"> <div class="back-to-top-btn-container"> <button type="button" class="button-text-like" id="backtotop">Back to top <i class="icon-arrow-up-grey"></i></button> </div> <div class="page-select-list-container"> <ul class="page-select-list hide-list-items show-tail-ellipsis hide-list-items-mobile show-tail-ellipsis-mobile"> <li class="selected show-list-item show-list-item-mobile"> <a href="/en/grocery/dairy-eggs/N-3798" analytics-trigger="search" analytics-data="results page 1">1</a> </li> <li class="show-list-item show-list-item-mobile"> <a href="/en/grocery/dairy-eggs/N-3798/page-2" analytics-trigger="search" analytics-data="results page 2">2</a> </li> <li class="show-list-item show-list-item-mobile"> <a href="/en/grocery/dairy-eggs/N-3798/page-3" analytics-trigger="search" analytics-data="results page 3">3</a> </li> <li class="show-list-item show-list-item-mobile"> <a href="/en/grocery/dairy-eggs/N-3798/page-4" analytics-trigger="search" analytics-data="results page 4">4</a> </li> <li class="show-list-item show-list-item-mobile"> <a href="/en/grocery/dairy-eggs/N-3798/page-5" analytics-trigger="search" analytics-data="results page 5">5</a> </li> <li class="show-list-item show-list-item-mobile"> <a href="/en/grocery/dairy-eggs/N-3798/page-6" analytics-trigger="search" analytics-data="results page 6">6</a> </li> <li class="show-list-item"> <a href="/en/grocery/dairy-eggs/N-3798/page-7" analytics-trigger="search" analytics-data="results page 7">7</a> </li> <li class="show-list-item"> <a href="/en/grocery/dairy-eggs/N-3798/page-8" analytics-trigger="search" analytics-data="results page 8">8</a> </li> <li class=""> <a href="/en/grocery/dairy-eggs/N-3798/page-12" analytics-trigger="search" analytics-data="results page 12">12</a> </li> </ul> <a href="/en/grocery/dairy-eggs/N-3798/page-2" id="loadmore" class="page-select-list-btn" attr-page-id="1" aria-label="Next 60 items" analytics-trigger="search" analytics-data="next results page">›</a> </div> <div class="select-native"> <select class="page-select"> <option value="1" selected=""> 1 - 60 </option> <option value="2"> 61 - 120 </option> <option value="3"> 121 - 180 </option> <option value="4"> 181 - 240 </option> <option value="5"> 241 - 300 </option> <option value="6"> 301 - 360 </option> <option value="7"> 361 - 420 </option> <option value="8"> 421 - 480 </option> <option value="9"> 481 - 540 </option> <option value="10"> 541 - 600 </option> <option value="11"> 601 - 660 </option> <option value="12"> 661 - 672 </option> </select> </div> </div>
</section> <section id="hooklogic-rslc-d64e52c6" class="centerAlignedTitle recordSpotlight spotlightType-products row fragment hookLogic is-carousel sliderSet pnoDone" role="complementary" aria-label="Featured Products: Sponsored products" data-hooklogic-placement="1128x382_T-C-OG_TI-1_6-6_Hooklogic" data-hooklogic-maxrecords="6" data-hooklogic-minrecords="6" data-spotlight-type="products" data-spotlight-productboost="" data-spotlight-dynamicboost="" style="display: block;">  <div class="titleCartridge Heading centeredText"> <h2 id="title-rslc-d64e52c6"> <span style="font-size: 24px; color: #000000; ">Sponsored products</span> </h2> </div> <a href="#skip-hooklogic-rslc-d64e52c6" class="skip-section visually-hidden">Skip product carousel</a> <div class="rs-cartridge-loader clearfix thumbs"> <div class="rs-cartridge-loader-wrapper hide"> <div class="loading-icon clearfix hide-svg-spinner" style="background-color: transparent; width: 40px; height: 40px;"><svg xmlns="http://www.w3.org/2000/svg" xmlns:xlink="http://www.w3.org/1999/xlink" width="100%" height="100%" version="1.1" viewBox="0 0 40 40">

	<g class="seq-holder" fill="#666">
		<path d="M19.995,13.466c0.937,0,1.708-0.486,1.813-1.117l0.926-10.465C22.734,0.85,21.522,0,19.997,0 c-1.522,0-2.731,0.85-2.731,1.884L18.19,12.35c0.102,0.63,0.875,1.117,1.808,1.117H19.995z"></path>
		<path d="M23.27,14.344c-0.812-0.469-1.233-1.277-1.009-1.873l4.429-9.524c0.519-0.897,1.993-1.026,3.312-0.268 c1.316,0.765,1.941,2.107,1.424,3l-6.028,8.601c-0.409,0.492-1.32,0.528-2.13,0.06L23.27,14.344z"></path>
		<path d="M25.656,16.73c0.469,0.81,1.277,1.235,1.873,1.014l9.524-4.435c0.897-0.517,1.026-1.99,0.268-3.307 c-0.765-1.32-2.107-1.943-3-1.425l-8.601,6.033c-0.492,0.404-0.528,1.317-0.06,2.127L25.656,16.73z"></path>
		<path d="M26.538,20.005c0-0.937,0.484-1.708,1.114-1.813l10.464-0.926c1.037,0,1.884,1.212,1.884,2.737 c0,1.522-0.848,2.731-1.884,2.731L27.651,21.81c-0.629-0.102-1.114-0.875-1.114-1.808C26.538,20.002,26.538,20.005,26.538,20.005z"></path>
		<path d="M25.656,23.27c0.469-0.812,1.277-1.233,1.873-1.009l9.524,4.429c0.897,0.519,1.026,1.993,0.268,3.312 c-0.765,1.316-2.107,1.941-3,1.424l-8.601-6.028c-0.492-0.409-0.528-1.32-0.06-2.13L25.656,23.27z"></path>
		<path d="M23.268,25.66c0.809-0.47,1.721-0.433,2.13,0.061l6.028,8.601c0.516,0.894-0.109,2.236-1.424,2.996 c-1.319,0.764-2.793,0.628-3.312-0.266l-4.429-9.523c-0.224-0.596,0.197-1.406,1.009-1.875L23.268,25.66z"></path>
		<path d="M19.995,26.538c0.937,0,1.708,0.484,1.813,1.114l0.926,10.464c0,1.037-1.212,1.884-2.737,1.884 c-1.522,0-2.731-0.848-2.731-1.884l0.924-10.464c0.102-0.629,0.875-1.114,1.808-1.114C19.998,26.538,19.995,26.538,19.995,26.538z"></path>
		<path d="M16.735,25.66c-0.81-0.47-1.723-0.433-2.127,0.061l-6.033,8.601c-0.518,0.894,0.105,2.236,1.425,2.996 c1.318,0.764,2.791,0.628,3.307-0.266l4.435-9.523c0.222-0.596-0.203-1.406-1.014-1.874L16.735,25.66z"></path>
		<path d="M14.34,23.268c0.47,0.809,0.433,1.721-0.061,2.13l-8.601,6.028c-0.894,0.516-2.236-0.109-2.996-1.424 c-0.764-1.319-0.628-2.793,0.266-3.312l9.523-4.429c0.596-0.224,1.406,0.197,1.875,1.009L14.34,23.268z"></path>
		<path d="M13.466,20.005c0-0.937-0.486-1.708-1.117-1.813L1.884,17.266C0.85,17.266,0,18.478,0,20.003 c0,1.522,0.85,2.731,1.884,2.731L12.35,21.81c0.63-0.102,1.117-0.875,1.117-1.808V20.005z"></path>
		<path d="M14.34,16.735c0.47-0.81,0.433-1.723-0.061-2.127L5.677,8.575c-0.894-0.518-2.236,0.105-2.996,1.425 c-0.764,1.318-0.628,2.791,0.266,3.307l9.523,4.435c0.596,0.222,1.406-0.203,1.874-1.014L14.34,16.735z"></path>
		<path d="M16.73,14.344c0.81-0.469,1.235-1.277,1.014-1.873l-4.435-9.524c-0.517-0.897-1.99-1.026-3.307-0.268 c-1.32,0.765-1.943,2.107-1.425,3l6.033,8.601c0.404,0.492,1.317,0.528,2.127,0.06L16.73,14.344z"></path>
	</g>

	<style>
	
		.seq-holder path {
			-webkit-animation: fadeit 1.92s linear infinite;
			animation: fadeit 1.92s linear infinite;
		}

		.seq-holder path:nth-child(1) {
			-webkit-animation-delay: -1.92s;
			animation-delay: -1.92s;
		}

		.seq-holder path:nth-child(2) {
			-webkit-animation-delay: -1.76s;
			animation-delay: -1.76s;
		}

		.seq-holder path:nth-child(3) {
			-webkit-animation-delay: -1.60s;
			animation-delay: -1.60s;
		}

		.seq-holder path:nth-child(4) {
			-webkit-animation-delay: -1.44s;
			animation-delay: -1.44s;
		}

		.seq-holder path:nth-child(5) {
			-webkit-animation-delay: -1.28s;
			animation-delay: -1.28s;
		}

		.seq-holder path:nth-child(6) {
			-webkit-animation-delay: -1.12s;
			animation-delay: -1.12s;
		}

		.seq-holder path:nth-child(7) {
			-webkit-animation-delay: -0.96s;
			animation-delay: -0.96s;
		}

		.seq-holder path:nth-child(8) {
			-webkit-animation-delay: -0.80s;
			animation-delay: -0.80s;
		}

		.seq-holder path:nth-child(9) {
			-webkit-animation-delay: -0.64s;
			animation-delay: -0.64s;
		}

		.seq-holder path:nth-child(10) {
			-webkit-animation-delay: -0.48s;
			animation-delay: -0.48s;
		}

		.seq-holder path:nth-child(11) {
			-webkit-animation-delay: -0.32s;
			animation-delay: -0.32s;
		}

		.seq-holder path:nth-child(12) {
			-webkit-animation-delay: -0.16s;
			animation-delay: -0.16s;
		}
		/*animation*/

		@-webkit-keyframes fadeit {
			0% {
				opacity: 1.0;
			}
			100% {
				opacity: 0.1;
			}
		}

		@keyframes fadeit {
			0% {
				opacity: 1;
			}
			100% {
				opacity: 0.1;
			}
		}
	
	</style>
</svg></div> </div> </div> <div class="bx-wrapper" style="max-width: 784px; margin: 0px auto; visibility: visible;"><div class="bx-controls bx-has-controls-direction"><div class="bx-controls-direction"><div class="bx-prev disabled" aria-label="Prev"></div><div class="bx-next" aria-label="Next"></div></div></div><div class="bx-viewport" style="width: 100%; overflow: hidden; position: relative; height: 370px;"><div class="rs-bxslider" data-thumbnailtype="Standard" style="width: 1216%; position: relative; transition-duration: 0s; transform: translate3d(-2px, 0px, 0px); height: auto; visibility: visible;"> <article class="simplified-thumb product thumb-6000198824295" id="thumb-6000198824295" data-rollup-id="6000198824294" data-bind="with: selectedVariant('6000198824294')" style="float: left; list-style: none; position: relative; width: 178.25px; margin-right: 20px;"> <a class="product-link" data-bind="click: function() {$root.navigateToPip($data.availability().statusOnline.viewGroceryEligible &amp;&amp; $root.siteExperience() == 'gm', 'https:////cat.criteo.com/beacon?fid=176&amp;hl_qs=VjcOs%2fKKYi3k4XIgbJfVweyrZQMoVlfzDSwjTPQBm6I8croeS0spTNRIRV87p0fEf9Jgix7LgLryjRGav9pLBS%2fNT9Q04Vs0UvU1sKoeaTsXVLJBd6GU7ON%2fZ6CufxvUb6ShpIW%2bdSHmibUcw8vITizKEs4NaJxw72SKqtuxlpB20Vf2kJ8H3GjIVAp9h5y0SunYiOhrNWit6ZLKVlHY49saA7KAwIhy%2fIWfORRTqi1l0Dj3kNGOV1VAj%2bFmgpV80pR%2fXwp55EpB7WsJm2iKCsdI7IPyJDZ4RBAM18C72bjnvH2XmVFMWsKCN6Q60mVGLn23BeJasprZN2EE3fLX41hq38BPN9zwJsTLlpoS3UqrsNE0jm0P3roZd1dquDtPQLDM93nwIIYuGy6dhSFRKq35Bywmo8nKKSwlWGjHj%2b0TXy%2fd41d3JVKoR96O4q%2b9XzGB6jeKyfDQ3232MeKFdqcAfCt0ToIGUQGve9XGdnqqe0EjR%2fmanynzGJVKw%2bAOPNwhHH%2bFC4EIUWAd4s%2fDH1JjEwQ%2fEBRjBuwUIPsd7%2fpwbJXNj5%2fuS%2bkHEQewis%2fadKgIVkQkc%2bXUfJnYff6CDoLZiyAAl03MnA%2bip2CqqSgxyDaRfY7G0PTUFv61oxpdRDGzMnar4nia7UkQLufN6tFacBeCysK1MbenmNMZ4%2fFETW3t6Cam6%2bBJyJKPHi0wPALAQTrz0c8iubAXl8Xx4thc%2bH2brh7Ye23RIoasha43Rsft4rL2tqzfB6w4CfdLrloqfzlFR7DwkrPLQTP7U5vIdE66gLqtIXfjrXgSci15Y4HoiqWdej9Ka9GUL%2frZh%2ffm0P85ToA9%2fbvvOxiL1u6xYfc2AY6e%2fOCGGz3opwKV4PfZbJcg79UNbpQ3JTI3x0qVYYwHC1sy8%2bOfDOvfdG%2fe3FhGvdzYnnb9bVpiAasaErgC30odkqBe40Xc4AoWjgBP3t8OrGmAkkeA8NVciqe2QTgDYRHX65doPa2bLJ4WcOKOotLjchuaAUR6NOoC0NNPvka0F1GKbOo%2bG27nCKiv2PJQ3yyWYj0NOritLfOCQozedkVXRdfM1migEIhmfMhjLBMzZTgnvYVU95yTVphs4cY17%2fHoSpAkIVtd5xmlu9mjxhwCyCOxTE18ir2Kw9RQ21KebUZItF9DX92gfq%2bz798CRMFtKnSWul%2ftLukAmI%2bK1HRGc%2fXkL5J0bAZshXTKoHVUaDbtKpgBUybGDhdCUAG7FgMaM76w4u0SBHjk6TSP8ueZHin4%2bOg9v4Vold0VxZuS61xCjtAYiIrIGmbquRe3CeGPFbEH3YZV0NIVnq1LbbRkopTJaV12b0KEP9O4WoVdgDnXOCQZU9YrFk2E6%2fYvD7Vn%2f8C%2bs9o59pam4LJgSxrEjaCBnKyXd8UKU9feVhdHwcyMXHCoII8f7hhxY0l%2bjwLhjp3OPrYocKhtvAHGIOj%2fwtaFyb6v9wBGYYUPLgddSe2zYeZGB9BgZ2rxdwcxHktwkjYReBht52U%3d&amp;ev=2&amp;action=click&amp;impressionpid=1b66691e-b0bd-4808-9ed5-13910e190c08&amp;rn=799420408&amp;hmguid=81cd635e-2ea0-4869-9e19-8845ea2945d6&amp;dest=https://www.walmart.ca/en/ip/fairlife-2-partly-skimmed-ultrafiltered-milk-lactose-free-15l/6000198824294')}, attr: {href: !($data.availability().statusOnline.viewGroceryEligible &amp;&amp; $root.siteExperience() == 'gm') ? 'https:////cat.criteo.com/beacon?fid=176&amp;hl_qs=VjcOs%2fKKYi3k4XIgbJfVweyrZQMoVlfzDSwjTPQBm6I8croeS0spTNRIRV87p0fEf9Jgix7LgLryjRGav9pLBS%2fNT9Q04Vs0UvU1sKoeaTsXVLJBd6GU7ON%2fZ6CufxvUb6ShpIW%2bdSHmibUcw8vITizKEs4NaJxw72SKqtuxlpB20Vf2kJ8H3GjIVAp9h5y0SunYiOhrNWit6ZLKVlHY49saA7KAwIhy%2fIWfORRTqi1l0Dj3kNGOV1VAj%2bFmgpV80pR%2fXwp55EpB7WsJm2iKCsdI7IPyJDZ4RBAM18C72bjnvH2XmVFMWsKCN6Q60mVGLn23BeJasprZN2EE3fLX41hq38BPN9zwJsTLlpoS3UqrsNE0jm0P3roZd1dquDtPQLDM93nwIIYuGy6dhSFRKq35Bywmo8nKKSwlWGjHj%2b0TXy%2fd41d3JVKoR96O4q%2b9XzGB6jeKyfDQ3232MeKFdqcAfCt0ToIGUQGve9XGdnqqe0EjR%2fmanynzGJVKw%2bAOPNwhHH%2bFC4EIUWAd4s%2fDH1JjEwQ%2fEBRjBuwUIPsd7%2fpwbJXNj5%2fuS%2bkHEQewis%2fadKgIVkQkc%2bXUfJnYff6CDoLZiyAAl03MnA%2bip2CqqSgxyDaRfY7G0PTUFv61oxpdRDGzMnar4nia7UkQLufN6tFacBeCysK1MbenmNMZ4%2fFETW3t6Cam6%2bBJyJKPHi0wPALAQTrz0c8iubAXl8Xx4thc%2bH2brh7Ye23RIoasha43Rsft4rL2tqzfB6w4CfdLrloqfzlFR7DwkrPLQTP7U5vIdE66gLqtIXfjrXgSci15Y4HoiqWdej9Ka9GUL%2frZh%2ffm0P85ToA9%2fbvvOxiL1u6xYfc2AY6e%2fOCGGz3opwKV4PfZbJcg79UNbpQ3JTI3x0qVYYwHC1sy8%2bOfDOvfdG%2fe3FhGvdzYnnb9bVpiAasaErgC30odkqBe40Xc4AoWjgBP3t8OrGmAkkeA8NVciqe2QTgDYRHX65doPa2bLJ4WcOKOotLjchuaAUR6NOoC0NNPvka0F1GKbOo%2bG27nCKiv2PJQ3yyWYj0NOritLfOCQozedkVXRdfM1migEIhmfMhjLBMzZTgnvYVU95yTVphs4cY17%2fHoSpAkIVtd5xmlu9mjxhwCyCOxTE18ir2Kw9RQ21KebUZItF9DX92gfq%2bz798CRMFtKnSWul%2ftLukAmI%2bK1HRGc%2fXkL5J0bAZshXTKoHVUaDbtKpgBUybGDhdCUAG7FgMaM76w4u0SBHjk6TSP8ueZHin4%2bOg9v4Vold0VxZuS61xCjtAYiIrIGmbquRe3CeGPFbEH3YZV0NIVnq1LbbRkopTJaV12b0KEP9O4WoVdgDnXOCQZU9YrFk2E6%2fYvD7Vn%2f8C%2bs9o59pam4LJgSxrEjaCBnKyXd8UKU9feVhdHwcyMXHCoII8f7hhxY0l%2bjwLhjp3OPrYocKhtvAHGIOj%2fwtaFyb6v9wBGYYUPLgddSe2zYeZGB9BgZ2rxdwcxHktwkjYReBht52U%3d&amp;ev=2&amp;action=click&amp;impressionpid=1b66691e-b0bd-4808-9ed5-13910e190c08&amp;rn=799420408&amp;hmguid=81cd635e-2ea0-4869-9e19-8845ea2945d6&amp;dest=https://www.walmart.ca/en/ip/fairlife-2-partly-skimmed-ultrafiltered-milk-lactose-free-15l/6000198824294' : ''}" href="https:////cat.criteo.com/beacon?fid=176&amp;hl_qs=VjcOs%2fKKYi3k4XIgbJfVweyrZQMoVlfzDSwjTPQBm6I8croeS0spTNRIRV87p0fEf9Jgix7LgLryjRGav9pLBS%2fNT9Q04Vs0UvU1sKoeaTsXVLJBd6GU7ON%2fZ6CufxvUb6ShpIW%2bdSHmibUcw8vITizKEs4NaJxw72SKqtuxlpB20Vf2kJ8H3GjIVAp9h5y0SunYiOhrNWit6ZLKVlHY49saA7KAwIhy%2fIWfORRTqi1l0Dj3kNGOV1VAj%2bFmgpV80pR%2fXwp55EpB7WsJm2iKCsdI7IPyJDZ4RBAM18C72bjnvH2XmVFMWsKCN6Q60mVGLn23BeJasprZN2EE3fLX41hq38BPN9zwJsTLlpoS3UqrsNE0jm0P3roZd1dquDtPQLDM93nwIIYuGy6dhSFRKq35Bywmo8nKKSwlWGjHj%2b0TXy%2fd41d3JVKoR96O4q%2b9XzGB6jeKyfDQ3232MeKFdqcAfCt0ToIGUQGve9XGdnqqe0EjR%2fmanynzGJVKw%2bAOPNwhHH%2bFC4EIUWAd4s%2fDH1JjEwQ%2fEBRjBuwUIPsd7%2fpwbJXNj5%2fuS%2bkHEQewis%2fadKgIVkQkc%2bXUfJnYff6CDoLZiyAAl03MnA%2bip2CqqSgxyDaRfY7G0PTUFv61oxpdRDGzMnar4nia7UkQLufN6tFacBeCysK1MbenmNMZ4%2fFETW3t6Cam6%2bBJyJKPHi0wPALAQTrz0c8iubAXl8Xx4thc%2bH2brh7Ye23RIoasha43Rsft4rL2tqzfB6w4CfdLrloqfzlFR7DwkrPLQTP7U5vIdE66gLqtIXfjrXgSci15Y4HoiqWdej9Ka9GUL%2frZh%2ffm0P85ToA9%2fbvvOxiL1u6xYfc2AY6e%2fOCGGz3opwKV4PfZbJcg79UNbpQ3JTI3x0qVYYwHC1sy8%2bOfDOvfdG%2fe3FhGvdzYnnb9bVpiAasaErgC30odkqBe40Xc4AoWjgBP3t8OrGmAkkeA8NVciqe2QTgDYRHX65doPa2bLJ4WcOKOotLjchuaAUR6NOoC0NNPvka0F1GKbOo%2bG27nCKiv2PJQ3yyWYj0NOritLfOCQozedkVXRdfM1migEIhmfMhjLBMzZTgnvYVU95yTVphs4cY17%2fHoSpAkIVtd5xmlu9mjxhwCyCOxTE18ir2Kw9RQ21KebUZItF9DX92gfq%2bz798CRMFtKnSWul%2ftLukAmI%2bK1HRGc%2fXkL5J0bAZshXTKoHVUaDbtKpgBUybGDhdCUAG7FgMaM76w4u0SBHjk6TSP8ueZHin4%2bOg9v4Vold0VxZuS61xCjtAYiIrIGmbquRe3CeGPFbEH3YZV0NIVnq1LbbRkopTJaV12b0KEP9O4WoVdgDnXOCQZU9YrFk2E6%2fYvD7Vn%2f8C%2bs9o59pam4LJgSxrEjaCBnKyXd8UKU9feVhdHwcyMXHCoII8f7hhxY0l%2bjwLhjp3OPrYocKhtvAHGIOj%2fwtaFyb6v9wBGYYUPLgddSe2zYeZGB9BgZ2rxdwcxHktwkjYReBht52U%3d&amp;ev=2&amp;action=click&amp;impressionpid=1b66691e-b0bd-4808-9ed5-13910e190c08&amp;rn=799420408&amp;hmguid=81cd635e-2ea0-4869-9e19-8845ea2945d6&amp;dest=https://www.walmart.ca/en/ip/fairlife-2-partly-skimmed-ultrafiltered-milk-lactose-free-15l/6000198824294"> <div class="badge-container"> <!-- ko template: { name: 'product-badges', if: !!$data.badgesAnalytics(), data: { badges: badges, badgesAnalytics: badgesAnalytics, screenReaderHidden : true } } --><!-- /ko --> <!-- ko ifnot: $data.badgesAnalytics() --> <span class="badge"></span> <!-- /ko --> </div> <div class="centered-img"> <div class="cmp-atc-thmb-wrp"> <span class="cmp-atc-thmb-state">✔</span><span class="cmp-atc-thmb-copy mobile-hide"></span> </div> <div class="centered-img-wrap"> <img alt="" class="image lazy-img" src="data:image/gif;base64,R0lGODlhAQABAIAAAAAAAP///yH5BAEAAAAALAAAAAABAAEAAAIBRAA7" data-original="//i5.walmartimages.ca/images/Thumbnails/952/299/6000198952299.jpg?odnBound=200" width="200" height="200"> </div> </div> <div class="product-details-container"> <div class="details"> <div class="title" aria-label="FAIRLIFE® 2% Partly Skimmed Ultrafiltered Milk - Lactose Free 1.5L."> <h2 class="thumb-header">FAIRLIFE® 2% Partly Skimmed Ultrafiltered Milk - Lactose Free 1.5L</h2> </div> <div class="fade"></div> </div> <!-- ko template: { name: 'product-badges', if: !!$data.badgesAnalytics(), data: { badges: badges, badgesAnalytics: badgesAnalytics, screenReaderHidden : false } } --><!-- /ko --> <div class="ratings"> <div class="stars rating-3_5" aria-label="This product is rated 3.5 stars out of 5 stars," data-bind="template: { name: 'star-ratings' }">
	 <i class="star"></i>  <i class="star"></i>  <i class="star"></i>  <i class="star"></i>  <i class="star"></i> 
</div> <span class="review-count" aria-label="based on 9 reviews.">9 Reviews</span> <div class="fade"></div> </div> <span class="all-price-sections"> <!-- ko ifnot: availability().pricing.mapPrice --> <div class="only-for-screen-reader" id="price">Price</div> <!-- ko if: $data.availability().pricing.curPrice > 0 && !$data.availability().pricing.ranged--> <div class="price-current" data-bind="component: { name: 'current-pricing', params: availability().pricing }"><div data-bind="possibleRangedCurrencyText: { data: price, simpleFormatting: simpleFormatting } "><sup>$</sup>4<span class="visually-hidden">.</span><sup>97</sup></div><div data-bind="template: {name: &quot;analytics-price-template&quot;, data: price, afterRender: $root.initVariableWeightPopup }">
	<span style="display:none;" data-analytics-type="product-price" class="product-price-analytics" data-analytics-value="4.97" data-bind="attr: { 'data-analytics-value': $data }">
	</span>
</div></div> <!-- /ko --> <!-- ko if: $data.availability().pricing.ranged --><!-- /ko --> <!-- ko ifnot: $data.availability().pricing.curPrice --><!-- /ko --> <!-- /ko --> <!-- ko if: availability().pricing.mapPrice --><!-- /ko --> <div class="pricing-spacer" data-bind="component: { name: 'was-pricing', params: availability().pricing }"><div class="price-was" data-bind="html: wasPriceDisplay"></div><div class="price-cover"></div><div class="price-cover-percent"></div><div class="price-unit" data-bind="template: {name: &quot;price-per-unit-tooltip-template&quot;, data: pricePerUnit, afterRender: $root.initPricingPopup }">
	<a class="popup-opener popup-align-left price-unit-tooltip" data-title-headline="" data-title="This is a unit of measurement to help you compare the value of this item. Please know, this is not the price of the item itself." data-bind="text: $data, attr:{'aria-label' : '. Price is measured as ' + $data}" aria-label=". Price is measured as $497/100ml">$497/100ml</a>
</div></div> </span> <div class="availability-messages"> <div class="availability-online available" data-bind="css: {available: (availability().status === 'Available') || (availability().status === 'AcceptingPreorder'), 'not-available': (availability().status === 'NotSold') || (availability().status === 'OutOfStock') || (availability().status === 'NotEligible')}"> <!-- ko if: $data.availability().status !== 'OutOfStock' && $data.availability().status !== 'Available' && $data.availability().status !== 'AcceptingPreorder'--><!-- /ko --> <!-- ko if: $data.availability().status === 'Available' || $data.availability().status === 'AcceptingPreorder'--> <span title="Available online">Available online</span> <!-- /ko --> <!-- ko if: $data.availability().status === 'OutOfStock'--><!-- /ko --> </div> <div class="availability-in-store available" title="Available in stores"> Available in stores </div> </div> </div> </a> <div class="CTA-container"> <!-- ko template: { name: 'a2c-or-next-order-button', data: { selectedVariant: $data, amendableOrder: $data.amendableOrder(), CTA: $data.CTA(), viewGrocery: $data.availability().statusOnline.viewGroceryEligible && $root.siteExperience() == "gm", detailUrl: "https:////cat.criteo.com/beacon?fid=176&amp;hl_qs=VjcOs%2fKKYi3k4XIgbJfVweyrZQMoVlfzDSwjTPQBm6I8croeS0spTNRIRV87p0fEf9Jgix7LgLryjRGav9pLBS%2fNT9Q04Vs0UvU1sKoeaTsXVLJBd6GU7ON%2fZ6CufxvUb6ShpIW%2bdSHmibUcw8vITizKEs4NaJxw72SKqtuxlpB20Vf2kJ8H3GjIVAp9h5y0SunYiOhrNWit6ZLKVlHY49saA7KAwIhy%2fIWfORRTqi1l0Dj3kNGOV1VAj%2bFmgpV80pR%2fXwp55EpB7WsJm2iKCsdI7IPyJDZ4RBAM18C72bjnvH2XmVFMWsKCN6Q60mVGLn23BeJasprZN2EE3fLX41hq38BPN9zwJsTLlpoS3UqrsNE0jm0P3roZd1dquDtPQLDM93nwIIYuGy6dhSFRKq35Bywmo8nKKSwlWGjHj%2b0TXy%2fd41d3JVKoR96O4q%2b9XzGB6jeKyfDQ3232MeKFdqcAfCt0ToIGUQGve9XGdnqqe0EjR%2fmanynzGJVKw%2bAOPNwhHH%2bFC4EIUWAd4s%2fDH1JjEwQ%2fEBRjBuwUIPsd7%2fpwbJXNj5%2fuS%2bkHEQewis%2fadKgIVkQkc%2bXUfJnYff6CDoLZiyAAl03MnA%2bip2CqqSgxyDaRfY7G0PTUFv61oxpdRDGzMnar4nia7UkQLufN6tFacBeCysK1MbenmNMZ4%2fFETW3t6Cam6%2bBJyJKPHi0wPALAQTrz0c8iubAXl8Xx4thc%2bH2brh7Ye23RIoasha43Rsft4rL2tqzfB6w4CfdLrloqfzlFR7DwkrPLQTP7U5vIdE66gLqtIXfjrXgSci15Y4HoiqWdej9Ka9GUL%2frZh%2ffm0P85ToA9%2fbvvOxiL1u6xYfc2AY6e%2fOCGGz3opwKV4PfZbJcg79UNbpQ3JTI3x0qVYYwHC1sy8%2bOfDOvfdG%2fe3FhGvdzYnnb9bVpiAasaErgC30odkqBe40Xc4AoWjgBP3t8OrGmAkkeA8NVciqe2QTgDYRHX65doPa2bLJ4WcOKOotLjchuaAUR6NOoC0NNPvka0F1GKbOo%2bG27nCKiv2PJQ3yyWYj0NOritLfOCQozedkVXRdfM1migEIhmfMhjLBMzZTgnvYVU95yTVphs4cY17%2fHoSpAkIVtd5xmlu9mjxhwCyCOxTE18ir2Kw9RQ21KebUZItF9DX92gfq%2bz798CRMFtKnSWul%2ftLukAmI%2bK1HRGc%2fXkL5J0bAZshXTKoHVUaDbtKpgBUybGDhdCUAG7FgMaM76w4u0SBHjk6TSP8ueZHin4%2bOg9v4Vold0VxZuS61xCjtAYiIrIGmbquRe3CeGPFbEH3YZV0NIVnq1LbbRkopTJaV12b0KEP9O4WoVdgDnXOCQZU9YrFk2E6%2fYvD7Vn%2f8C%2bs9o59pam4LJgSxrEjaCBnKyXd8UKU9feVhdHwcyMXHCoII8f7hhxY0l%2bjwLhjp3OPrYocKhtvAHGIOj%2fwtaFyb6v9wBGYYUPLgddSe2zYeZGB9BgZ2rxdwcxHktwkjYReBht52U%3d&amp;ev=2&amp;action=click&amp;impressionpid=1b66691e-b0bd-4808-9ed5-13910e190c08&amp;rn=799420408&amp;hmguid=81cd635e-2ea0-4869-9e19-8845ea2945d6&amp;dest=https://www.walmart.ca/en/ip/fairlife-2-partly-skimmed-ultrafiltered-milk-lactose-free-15l/6000198824294", trackingUrl: "", clickBeacon: "//cat.criteo.com/beacon?fid=176&amp;hl_qs=VjcOs%2fKKYi3k4XIgbJfVweyrZQMoVlfzDSwjTPQBm6I8croeS0spTNRIRV87p0fEf9Jgix7LgLryjRGav9pLBS%2fNT9Q04Vs0UvU1sKoeaTsXVLJBd6GU7ON%2fZ6CufxvUb6ShpIW%2bdSHmibUcw8vITizKEs4NaJxw72SKqtuxlpB20Vf2kJ8H3GjIVAp9h5y0SunYiOhrNWit6ZLKVlHY49saA7KAwIhy%2fIWfORRTqi1l0Dj3kNGOV1VAj%2bFmgpV80pR%2fXwp55EpB7WsJm2iKCsdI7IPyJDZ4RBAM18C72bjnvH2XmVFMWsKCN6Q60mVGLn23BeJasprZN2EE3fLX41hq38BPN9zwJsTLlpoS3UqrsNE0jm0P3roZd1dquDtPQLDM93nwIIYuGy6dhSFRKq35Bywmo8nKKSwlWGjHj%2b0TXy%2fd41d3JVKoR96O4q%2b9XzGB6jeKyfDQ3232MeKFdqcAfCt0ToIGUQGve9XGdnqqe0EjR%2fmanynzGJVKw%2bAOPNwhHH%2bFC4EIUWAd4s%2fDH1JjEwQ%2fEBRjBuwUIPsd7%2fpwbJXNj5%2fuS%2bkHEQewis%2fadKgIVkQkc%2bXUfJnYff6CDoLZiyAAl03MnA%2bip2CqqSgxyDaRfY7G0PTUFv61oxpdRDGzMnar4nia7UkQLufN6tFacBeCysK1MbenmNMZ4%2fFETW3t6Cam6%2bBJyJKPHi0wD89NDHukirpflzZTj7dc3nVo40dvDaqLekmNK0jNRTJdOWOogo2kJDUC9k1NcKuTMjzsnvnr%2bEThTBjeTsjdG0bDLa5PHPI29k7%2fWgI4xnVkN7ESOpL1EljX8NXZflF%2fpbSJ8OLR95B4trxv8gLZG5ya8gb2YhBOiDbkbTItVX2Cw4kGOnZZ1S0up5Yd4%2bm3Kmc5U1Lm3%2fuKSEaLp0ncC0MpamcK9mDjZe1XOk%2fiK6VM%2bFr2t3UWc2MlN9WChHhZXJLmvqCcI14W6bwhDMqVeLAMN0dL%2bnIpGSoiuWTx155Huaqk5SN4FL1L01ri1FhRauNjneDV%2fDKHwkZ7ml%2f3rVTyMlwnApYv%2bxhaI3Ifgsve5GisjJ3tnNn7cCW4ZCfn1jagTxerVbEaaoAbs5c9SbFaH0H4pcb4gzfOdaIjO%2fbpYq7eKEWfVt73gcJpOjzp74ezCrSc0R8VLi6Wp9rr9DdBPM09fI4XYjKUH8%2byGxVhaby68sTrCf0TzumqGyPf%2bsS55BOujARGXEsqqJtY%2bhtPndQumlXM4X75Jpnc%2bBOsSuN1KY5X1qf2hu0BItYihl2NHViAw9UDsuf%2fbWtxcUX23e2uKBgnNTWiombkRwUctS1xumxSfo7YnfgQ0QEDDDPezTpm0Y0duPcDzB01ZRADprEbPEwAT00J2feGQSCubpJjZi1rfMhw%2b8J7N%2b2Q8XIzfIDJjKny1uDYtgGUWBWWs%2b6%2fkkepb6FYWyzIRN%2fdodpNpFg4XYYzyssq1tOv6gWZgFe5WmrAiqzUAtjYBBwMdpHOCzMW2HW%2fVqtrDmQ%3d&amp;ev=2&amp;action=click&amp;impressionpid=1b66691e-b0bd-4808-9ed5-13910e190c08&amp;rn=934419950&amp;hmguid=81cd635e-2ea0-4869-9e19-8845ea2945d6" } } -->
	<!-- ko if: $data.amendableOrder.allCallsAreSynchronized -->
		<!-- ko if: $data.amendableOrder.show --><!-- /ko -->

		<!-- ko ifnot: $data.amendableOrder.show -->

			
			<!-- ko if: $data.CTA.hasAvailableStatus && !!$data.CTA.text && !$data.viewGrocery -->
			<button class="button add-to-cart-btn limited-stock" data-bind="visible: $data.CTA.hasAvailableStatus, show: (!!$data.CTA.text), css: $data.CTA.status, attr: { 'data-click-tracking-url': $data.trackingUrl, 'data-click-beacon': $data.clickBeacon, 'aria-label': $data.CTA.status + ', ' + $data.CTA.text}" data-click-tracking-url="" data-click-beacon="//cat.criteo.com/beacon?fid=176&amp;amp;hl_qs=VjcOs%2fKKYi3k4XIgbJfVweyrZQMoVlfzDSwjTPQBm6I8croeS0spTNRIRV87p0fEf9Jgix7LgLryjRGav9pLBS%2fNT9Q04Vs0UvU1sKoeaTsXVLJBd6GU7ON%2fZ6CufxvUb6ShpIW%2bdSHmibUcw8vITizKEs4NaJxw72SKqtuxlpB20Vf2kJ8H3GjIVAp9h5y0SunYiOhrNWit6ZLKVlHY49saA7KAwIhy%2fIWfORRTqi1l0Dj3kNGOV1VAj%2bFmgpV80pR%2fXwp55EpB7WsJm2iKCsdI7IPyJDZ4RBAM18C72bjnvH2XmVFMWsKCN6Q60mVGLn23BeJasprZN2EE3fLX41hq38BPN9zwJsTLlpoS3UqrsNE0jm0P3roZd1dquDtPQLDM93nwIIYuGy6dhSFRKq35Bywmo8nKKSwlWGjHj%2b0TXy%2fd41d3JVKoR96O4q%2b9XzGB6jeKyfDQ3232MeKFdqcAfCt0ToIGUQGve9XGdnqqe0EjR%2fmanynzGJVKw%2bAOPNwhHH%2bFC4EIUWAd4s%2fDH1JjEwQ%2fEBRjBuwUIPsd7%2fpwbJXNj5%2fuS%2bkHEQewis%2fadKgIVkQkc%2bXUfJnYff6CDoLZiyAAl03MnA%2bip2CqqSgxyDaRfY7G0PTUFv61oxpdRDGzMnar4nia7UkQLufN6tFacBeCysK1MbenmNMZ4%2fFETW3t6Cam6%2bBJyJKPHi0wD89NDHukirpflzZTj7dc3nVo40dvDaqLekmNK0jNRTJdOWOogo2kJDUC9k1NcKuTMjzsnvnr%2bEThTBjeTsjdG0bDLa5PHPI29k7%2fWgI4xnVkN7ESOpL1EljX8NXZflF%2fpbSJ8OLR95B4trxv8gLZG5ya8gb2YhBOiDbkbTItVX2Cw4kGOnZZ1S0up5Yd4%2bm3Kmc5U1Lm3%2fuKSEaLp0ncC0MpamcK9mDjZe1XOk%2fiK6VM%2bFr2t3UWc2MlN9WChHhZXJLmvqCcI14W6bwhDMqVeLAMN0dL%2bnIpGSoiuWTx155Huaqk5SN4FL1L01ri1FhRauNjneDV%2fDKHwkZ7ml%2f3rVTyMlwnApYv%2bxhaI3Ifgsve5GisjJ3tnNn7cCW4ZCfn1jagTxerVbEaaoAbs5c9SbFaH0H4pcb4gzfOdaIjO%2fbpYq7eKEWfVt73gcJpOjzp74ezCrSc0R8VLi6Wp9rr9DdBPM09fI4XYjKUH8%2byGxVhaby68sTrCf0TzumqGyPf%2bsS55BOujARGXEsqqJtY%2bhtPndQumlXM4X75Jpnc%2bBOsSuN1KY5X1qf2hu0BItYihl2NHViAw9UDsuf%2fbWtxcUX23e2uKBgnNTWiombkRwUctS1xumxSfo7YnfgQ0QEDDDPezTpm0Y0duPcDzB01ZRADprEbPEwAT00J2feGQSCubpJjZi1rfMhw%2b8J7N%2b2Q8XIzfIDJjKny1uDYtgGUWBWWs%2b6%2fkkepb6FYWyzIRN%2fdodpNpFg4XYYzyssq1tOv6gWZgFe5WmrAiqzUAtjYBBwMdpHOCzMW2HW%2fVqtrDmQ%3d&amp;amp;ev=2&amp;amp;action=click&amp;amp;impressionpid=1b66691e-b0bd-4808-9ed5-13910e190c08&amp;amp;rn=934419950&amp;amp;hmguid=81cd635e-2ea0-4869-9e19-8845ea2945d6" aria-label="limited-stock, Add to cart">
				<span class="ribbon-arrow" data-bind="html: $data.CTA.ribbonText, show: $data.CTA.ribbon">Limited Stock</span>
				<span class="btn-txt" data-bind="text: $data.CTA.text">Add to cart</span>
				<span class="loading-icon"></span>
			</button>
			<!-- /ko -->

			
			<!-- ko if: !$data.CTA.hasAvailableStatus && !!$data.CTA.text --><!-- /ko -->

			
			<!-- ko if: !$data.CTA.hasAvailableStatus && !$data.CTA.text --><!--/ko-->

			
			<!-- ko if: $data.CTA.hasAvailableStatus && !!$data.CTA.text  && $data.viewGrocery --><!-- /ko -->

		<!-- /ko -->

		<input type="hidden" data-bind="attr: { 'data-analytics-status-online': $data.selectedVariant.availability().statusOnline.status }" data-analytics-status-online="Available">
		<input type="hidden" data-bind="attr: { 'data-analytics-status-store': $data.selectedVariant.availability().statusStore.status }" data-analytics-status-store="">

	<!-- /ko -->
<!-- /ko --> <div class="drop-down-list hide"> <button type="button" class="drop-down-button button-list"> <span class="loading-icon"></span> Add to list </button> </div> <div class="drop-down-button-container drop-down-registry hide"> <button type="button" class="drop-down-button button-list"> <span class="loading-icon"></span> Add to registry </button> </div> </div> <input type="hidden" class="numSkus" value="1"> <input type="hidden" class="primary_parent_id" value="6000194349400"> <input type="hidden" class="categoryID" value="6000194349400"> <input type="hidden" class="productRollupID" value="6000198824294"> <input type="hidden" class="productID" value="6000198824295"> <input type="hidden" class="productSkus" value="{&quot;productid&quot;:&quot;6000198824295&quot;,&quot;skus&quot;:[[{&quot;skuid&quot;:&quot;6000198824295&quot;,&quot;minOrderQuantity&quot;:1,&quot;status&quot;:&quot;&quot;,&quot;eligibility_type&quot;:&quot;&quot;,&quot;date&quot;:&quot;&quot;,&quot;mfgr_sugd_rtl_amt&quot;:&quot;&quot;,&quot;price_comparison_qty&quot;:&quot;&quot;,&quot;price_comparison_unit&quot;:&quot;&quot;}]]}"> <input type="hidden" class="productQueryData" value="{&quot;6000198824294&quot;:[{&quot;sku&quot;:&quot;6000198824295&quot;,&quot;upc&quot;:[]}]}"> <input type="hidden" class="offerID" data-bind="attr: { value: $data.offerId }" value="6000198824295"> <input type="hidden" class="minOrderQuantity" data-bind="attr: { value: $root.variantMinQuantity('6000198824295', '6000198824295') }" value="1"> <img src="//b.da.us.criteo.com/beacon?fid=176&amp;hl_qs=VjcOs%2fKKYi3k4XIgbJfVweyrZQMoVlfzDSwjTPQBm6I8croeS0spTNRIRV87p0fEf9Jgix7LgLryjRGav9pLBS%2fNT9Q04Vs0UvU1sKoeaTsXVLJBd6GU7ON%2fZ6CufxvUb6ShpIW%2bdSHmibUcw8vITizKEs4NaJxw72SKqtuxlpB20Vf2kJ8H3GjIVAp9h5y0SunYiOhrNWit6ZLKVlHY49saA7KAwIhy%2fIWfORRTqi1l0Dj3kNGOV1VAj%2bFmgpV80pR%2fXwp55EpB7WsJm2iKCsdI7IPyJDZ4RBAM18C72bhbsAndwmtQQ77xY43T%2b9LMZ687ARCozuNqGlRbDNbvKCUMQzxfwnbENbkv71cShlOX%2fOyBAu0Ujl1IU46xPpiDnTZi67qxX6cS5v6%2ftEG92EfgJ1eZrmryOlzkC3QiF%2fRuXhIC5xZeg90jRlF%2fEgm75H2aDZFHuJ3tUkPpe4Ls5IG5WKd2BcY7QNoP8n4%2fYP4cJFx4WZ4CCJQUt2OamqUcjzDtPO%2fejSybWi390CDmKLHJbZY0QXHSOUk3XWm17ihh0IazFOOkCK%2fS0O1cj1q2QPuzk7%2bC1Mc2kQhxQOTxUb600w002YOGaOzK8qGei0n7Cy0pUyZacWA6aTOEoj%2b2KimnT2BjR7zZvxd6LoQmvwa14DbvTa0NpO33bjmSxF1AQvwGIfD%2b7NC0ZXkZGzynfdNU8GLNIfZW2yVUhM9IrsbVfrLga5yy%2fEHodh%2bLTXzZhoWslRZUHKuC33y7LwyEHTtXzounKRfhvdaFsJlo%2bGBy%2fvaDuTHmsK2Ki4uVsc393v5IQ0ZIUoVSslulAe6k3o%2fsAA1EleDdqdmYxyMUY82VftdQQMTpfkVYoCOPH%2fliVvAMOEDlE0j1XtvfRAtozKAYQ2DFWrA7VrmWvrGKS0BIKUKamNU6UOdDiAHRG8qOVNgdYiTNPwms4n4Ic9fN1lrmlInM8vxyu0AcDCBMP06kXDJBjBAK7OXP67rUogN%2fFyx91bLlFncAifHrYen6p5UjUeNsHVwx1fZhHivcyJEMlGzHGb5zuzGqsYm80rGPC1NgTxNaLa65oLqtq3mCGo3xu3kCW96%2bBH%2bOQKzq7YeHbdkmgbPhUnYseIqsSgwsUfYct4fOHXn0AxnCJX3Q%2f%2fDDQIVMt9BI6Knrh2eMjSHufLo38wX%2bBn8ZI%2f6x2lSWtdDARMSt3O%2foPWcl6by1myGo0kCB%2fpan7WSYT1VQoT6NWlBfcvaOtqk5ole2XaVCp6nM5Rq50yIUc9jUl1v9xui3IiQeXZP%2f1waNMeoVv%2bvfaF0CnWPHFzGfzVONEJu02ECkOiDZaTlMHupX9Fs2j%2bW2ODFtjNFr4q1kYr7UVULUsEveA3K1nIsdh%2fGtdGvoJ4P25uJ3BxvdfcP%2fdJtbxblvPSVxekYbZlDihb4uv7yvPGTTME7p5Wb6xU5p%2b9T0XYFbBjSWM98IrO8bDAeMirze3KJxQI8PImPSULumpLnUQn14MHi8pp7MeRIOLqR7yBZYmBlAH3Vwc01dwDEO3p6O5ZsUT1RlHz%2fSpuFBc4fxsp%2fGCDQqx2Hea9OJ83c%3d&amp;ev=2&amp;action=imp&amp;pageguid=08ecb0d5-ebd5-4064-b910-106f31c6c23c&amp;pid=1b66691e-b0bd-4808-9ed5-13910e190c08&amp;rn=1377470546&amp;hmguid=81cd635e-2ea0-4869-9e19-8845ea2945d6" class="impression-beacon" width="1" height="1"> </article>     <article class="simplified-thumb product thumb-10186812" id="thumb-10186812" data-rollup-id="6000077654180" data-bind="with: selectedVariant('6000077654180')" style="float: left; list-style: none; position: relative; width: 178.25px; margin-right: 20px;"> <a class="product-link" data-bind="click: function() {$root.navigateToPip($data.availability().statusOnline.viewGroceryEligible &amp;&amp; $root.siteExperience() == 'gm', 'https:////cat.criteo.com/beacon?fid=176&amp;hl_qs=VjcOs%2fKKYi3k4XIgbJfVweyrZQMoVlfzDSwjTPQBm6LIpas8A3AyhFPe8iCr3tO0YRxLLuSoPHhiQPkZrAH1quic52H4%2fSNN4Kowbu96ByZPEGHzDzp9z5d4%2fMZf0xkIWzLxb945rCzsdX4FlpxbBYM%2fpFOFy%2fJZw5NgfDzZNM%2fPdxhFvIM%2b%2b4j1cWQcXq%2fPv%2fAesq2Q6NfO28bkbGu1malwFY0CAoib%2bn4TmoOjXt0dCUpsT%2bqIuIOUQ4E8OMLTL7yXtHM7REnetFPERjDUiU8hzd%2b4S7q0H5mVqovubU4eZ9Bn0bvMWZS9LTk9qwbmy37lS1KPVJux0d5x0JDydJI75zYljCrmK4LZ8aISo%2b%2fw%2b7QeYabxM6ZFVroHxF0E5wO%2fwIMnRUCEX6%2bcrjT%2bZFo4NKY9RU%2f6aVG1E9nesKGUrZupOSLeMFvuYUfbDvNMEfkfl83GnJjhHHpx4HAPzxvgmZXPGlQ26QidZZhOdLTbYh1cVspIRsS5tL4RYEfdvP4q%2fbCoXRUtc7vN%2bv%2bw6%2f6uEtPFTw56i5%2f%2fOvS%2fTPLQQw87VLrORQPNL6NHcs46YqxgTDfv1A%2fLS1xvKCr%2fMySJwKMC1hDD7U6uPH9suE1F91S07%2fC%2fkRDkvTvaapkNkbnCJWeBmD%2f6mzv%2fgcziUVxCJlfwBkZzgAAvOuFyw1EIwB9oBQ1pV%2fOoq8UWedUmYSpLN3hDd2qkmXjMpu0g89zNhkdX6FcqomVDf2Ar2Zd%2f91GeRy%2bCJpy%2fftW6xQZmn0x92GBhgnF3hOB2OM5FZhMq6HIE4%2bVoH8%2bcdOoYY4CZ%2blvPNb6kFKHOOkd0m%2bzSKpk%2b2z9aILqSUyrehLRCrSulvqULBsfYta%2f%2fXwSlbIe2nZl6JplolSDP6iExnya5ILq%2fnrTCqZdSyeLDgA21utQrxCJXZAQwfkJ7ySHBw7o4skgYOngDTPJFk85SeTeU49YwUx8fb5bwQCj4VSxTIPm3VZcP1KAc47EnUoQ8zn9TxQ1NXZDZiutjMBqV%2fL%2b9zubZmVd%2bAUKpPhR%2bNdg%2fuUQnVNybCnwhe2bhZ%2fjPcgolOh1%2bvqlyurvG5fRDy7B%2flVRgKUGk8OAsT%2f2olBlLETMmjHIM7uxuH3yj5H3GkRqD4ayIsLBC85DIJktsA%2fkfUxvF%2bZ3DAqgWaiqsS4B8vUKwZetSN66idKNrC9wu1GfvUuO2t8IK5aaEd997ZK2I23GYSKwob1vaACHnTqkDC4syFbA2u5dqoL7%2bapdZVVFMYuaCBb%2fs7lPM0Uu6wFqKd4HxgdVPB4oS%2fgtnuqIuq0keQilKixElg7sBeKonYvrMTLgdqL81AawWQuY4bxCmUsawkq4mW4PJTpHRvOjGX6uTYG3dV0mF5uV6q836FgQqWds4D3kqdL4SDXtAUl4gvTnxr59Qq2Y4zrTgh%2bomDJsGAOjFJvgnv6GXFFN4SehLXd7FQQaVcLf4eJnnWfmBNW%2fS%2fVh75veKfbKmnNbAAA%3d%3d&amp;ev=2&amp;action=click&amp;impressionpid=a9586507-a49f-46af-a7ef-0c8e4863573f&amp;rn=1360482513&amp;hmguid=81cd635e-2ea0-4869-9e19-8845ea2945d6&amp;dest=https://www.walmart.ca/en/ip/international-delight-french-vanilla-coffee-whitener/6000077654180')}, attr: {href: !($data.availability().statusOnline.viewGroceryEligible &amp;&amp; $root.siteExperience() == 'gm') ? 'https:////cat.criteo.com/beacon?fid=176&amp;hl_qs=VjcOs%2fKKYi3k4XIgbJfVweyrZQMoVlfzDSwjTPQBm6LIpas8A3AyhFPe8iCr3tO0YRxLLuSoPHhiQPkZrAH1quic52H4%2fSNN4Kowbu96ByZPEGHzDzp9z5d4%2fMZf0xkIWzLxb945rCzsdX4FlpxbBYM%2fpFOFy%2fJZw5NgfDzZNM%2fPdxhFvIM%2b%2b4j1cWQcXq%2fPv%2fAesq2Q6NfO28bkbGu1malwFY0CAoib%2bn4TmoOjXt0dCUpsT%2bqIuIOUQ4E8OMLTL7yXtHM7REnetFPERjDUiU8hzd%2b4S7q0H5mVqovubU4eZ9Bn0bvMWZS9LTk9qwbmy37lS1KPVJux0d5x0JDydJI75zYljCrmK4LZ8aISo%2b%2fw%2b7QeYabxM6ZFVroHxF0E5wO%2fwIMnRUCEX6%2bcrjT%2bZFo4NKY9RU%2f6aVG1E9nesKGUrZupOSLeMFvuYUfbDvNMEfkfl83GnJjhHHpx4HAPzxvgmZXPGlQ26QidZZhOdLTbYh1cVspIRsS5tL4RYEfdvP4q%2fbCoXRUtc7vN%2bv%2bw6%2f6uEtPFTw56i5%2f%2fOvS%2fTPLQQw87VLrORQPNL6NHcs46YqxgTDfv1A%2fLS1xvKCr%2fMySJwKMC1hDD7U6uPH9suE1F91S07%2fC%2fkRDkvTvaapkNkbnCJWeBmD%2f6mzv%2fgcziUVxCJlfwBkZzgAAvOuFyw1EIwB9oBQ1pV%2fOoq8UWedUmYSpLN3hDd2qkmXjMpu0g89zNhkdX6FcqomVDf2Ar2Zd%2f91GeRy%2bCJpy%2fftW6xQZmn0x92GBhgnF3hOB2OM5FZhMq6HIE4%2bVoH8%2bcdOoYY4CZ%2blvPNb6kFKHOOkd0m%2bzSKpk%2b2z9aILqSUyrehLRCrSulvqULBsfYta%2f%2fXwSlbIe2nZl6JplolSDP6iExnya5ILq%2fnrTCqZdSyeLDgA21utQrxCJXZAQwfkJ7ySHBw7o4skgYOngDTPJFk85SeTeU49YwUx8fb5bwQCj4VSxTIPm3VZcP1KAc47EnUoQ8zn9TxQ1NXZDZiutjMBqV%2fL%2b9zubZmVd%2bAUKpPhR%2bNdg%2fuUQnVNybCnwhe2bhZ%2fjPcgolOh1%2bvqlyurvG5fRDy7B%2flVRgKUGk8OAsT%2f2olBlLETMmjHIM7uxuH3yj5H3GkRqD4ayIsLBC85DIJktsA%2fkfUxvF%2bZ3DAqgWaiqsS4B8vUKwZetSN66idKNrC9wu1GfvUuO2t8IK5aaEd997ZK2I23GYSKwob1vaACHnTqkDC4syFbA2u5dqoL7%2bapdZVVFMYuaCBb%2fs7lPM0Uu6wFqKd4HxgdVPB4oS%2fgtnuqIuq0keQilKixElg7sBeKonYvrMTLgdqL81AawWQuY4bxCmUsawkq4mW4PJTpHRvOjGX6uTYG3dV0mF5uV6q836FgQqWds4D3kqdL4SDXtAUl4gvTnxr59Qq2Y4zrTgh%2bomDJsGAOjFJvgnv6GXFFN4SehLXd7FQQaVcLf4eJnnWfmBNW%2fS%2fVh75veKfbKmnNbAAA%3d%3d&amp;ev=2&amp;action=click&amp;impressionpid=a9586507-a49f-46af-a7ef-0c8e4863573f&amp;rn=1360482513&amp;hmguid=81cd635e-2ea0-4869-9e19-8845ea2945d6&amp;dest=https://www.walmart.ca/en/ip/international-delight-french-vanilla-coffee-whitener/6000077654180' : ''}" href="https:////cat.criteo.com/beacon?fid=176&amp;hl_qs=VjcOs%2fKKYi3k4XIgbJfVweyrZQMoVlfzDSwjTPQBm6LIpas8A3AyhFPe8iCr3tO0YRxLLuSoPHhiQPkZrAH1quic52H4%2fSNN4Kowbu96ByZPEGHzDzp9z5d4%2fMZf0xkIWzLxb945rCzsdX4FlpxbBYM%2fpFOFy%2fJZw5NgfDzZNM%2fPdxhFvIM%2b%2b4j1cWQcXq%2fPv%2fAesq2Q6NfO28bkbGu1malwFY0CAoib%2bn4TmoOjXt0dCUpsT%2bqIuIOUQ4E8OMLTL7yXtHM7REnetFPERjDUiU8hzd%2b4S7q0H5mVqovubU4eZ9Bn0bvMWZS9LTk9qwbmy37lS1KPVJux0d5x0JDydJI75zYljCrmK4LZ8aISo%2b%2fw%2b7QeYabxM6ZFVroHxF0E5wO%2fwIMnRUCEX6%2bcrjT%2bZFo4NKY9RU%2f6aVG1E9nesKGUrZupOSLeMFvuYUfbDvNMEfkfl83GnJjhHHpx4HAPzxvgmZXPGlQ26QidZZhOdLTbYh1cVspIRsS5tL4RYEfdvP4q%2fbCoXRUtc7vN%2bv%2bw6%2f6uEtPFTw56i5%2f%2fOvS%2fTPLQQw87VLrORQPNL6NHcs46YqxgTDfv1A%2fLS1xvKCr%2fMySJwKMC1hDD7U6uPH9suE1F91S07%2fC%2fkRDkvTvaapkNkbnCJWeBmD%2f6mzv%2fgcziUVxCJlfwBkZzgAAvOuFyw1EIwB9oBQ1pV%2fOoq8UWedUmYSpLN3hDd2qkmXjMpu0g89zNhkdX6FcqomVDf2Ar2Zd%2f91GeRy%2bCJpy%2fftW6xQZmn0x92GBhgnF3hOB2OM5FZhMq6HIE4%2bVoH8%2bcdOoYY4CZ%2blvPNb6kFKHOOkd0m%2bzSKpk%2b2z9aILqSUyrehLRCrSulvqULBsfYta%2f%2fXwSlbIe2nZl6JplolSDP6iExnya5ILq%2fnrTCqZdSyeLDgA21utQrxCJXZAQwfkJ7ySHBw7o4skgYOngDTPJFk85SeTeU49YwUx8fb5bwQCj4VSxTIPm3VZcP1KAc47EnUoQ8zn9TxQ1NXZDZiutjMBqV%2fL%2b9zubZmVd%2bAUKpPhR%2bNdg%2fuUQnVNybCnwhe2bhZ%2fjPcgolOh1%2bvqlyurvG5fRDy7B%2flVRgKUGk8OAsT%2f2olBlLETMmjHIM7uxuH3yj5H3GkRqD4ayIsLBC85DIJktsA%2fkfUxvF%2bZ3DAqgWaiqsS4B8vUKwZetSN66idKNrC9wu1GfvUuO2t8IK5aaEd997ZK2I23GYSKwob1vaACHnTqkDC4syFbA2u5dqoL7%2bapdZVVFMYuaCBb%2fs7lPM0Uu6wFqKd4HxgdVPB4oS%2fgtnuqIuq0keQilKixElg7sBeKonYvrMTLgdqL81AawWQuY4bxCmUsawkq4mW4PJTpHRvOjGX6uTYG3dV0mF5uV6q836FgQqWds4D3kqdL4SDXtAUl4gvTnxr59Qq2Y4zrTgh%2bomDJsGAOjFJvgnv6GXFFN4SehLXd7FQQaVcLf4eJnnWfmBNW%2fS%2fVh75veKfbKmnNbAAA%3d%3d&amp;ev=2&amp;action=click&amp;impressionpid=a9586507-a49f-46af-a7ef-0c8e4863573f&amp;rn=1360482513&amp;hmguid=81cd635e-2ea0-4869-9e19-8845ea2945d6&amp;dest=https://www.walmart.ca/en/ip/international-delight-french-vanilla-coffee-whitener/6000077654180"> <div class="badge-container"> <!-- ko template: { name: 'product-badges', if: !!$data.badgesAnalytics(), data: { badges: badges, badgesAnalytics: badgesAnalytics, screenReaderHidden : true } } --><!-- /ko --> <!-- ko ifnot: $data.badgesAnalytics() --> <span class="badge"></span> <!-- /ko --> </div> <div class="centered-img"> <div class="cmp-atc-thmb-wrp"> <span class="cmp-atc-thmb-state">✔</span><span class="cmp-atc-thmb-copy mobile-hide"></span> </div> <div class="centered-img-wrap"> <img alt="" class="image lazy-img" src="data:image/gif;base64,R0lGODlhAQABAIAAAAAAAP///yH5BAEAAAAALAAAAAABAAEAAAIBRAA7" data-original="//i5.walmartimages.ca/images/Thumbnails/102/564/999999-4127102564.jpg?odnBound=200" width="200" height="200"> </div> </div> <div class="product-details-container"> <div class="details"> <div class="title" aria-label="International Delight French Vanilla Coffee Whitener."> <h2 class="thumb-header">International Delight French Vanilla Coffee Whitener</h2> </div> <div class="fade"></div> </div> <!-- ko template: { name: 'product-badges', if: !!$data.badgesAnalytics(), data: { badges: badges, badgesAnalytics: badgesAnalytics, screenReaderHidden : false } } --><!-- /ko --> <div class="ratings"> <div class="stars rating-4_5" aria-label="This product is rated 4.5 stars out of 5 stars," data-bind="template: { name: 'star-ratings' }">
	 <i class="star"></i>  <i class="star"></i>  <i class="star"></i>  <i class="star"></i>  <i class="star"></i> 
</div> <span class="review-count" aria-label="based on 215 reviews.">215 Reviews</span> <div class="fade"></div> </div> <span class="all-price-sections"> <!-- ko ifnot: availability().pricing.mapPrice --> <div class="only-for-screen-reader" id="price">Price</div> <!-- ko if: $data.availability().pricing.curPrice > 0 && !$data.availability().pricing.ranged--> <div class="price-current" data-bind="component: { name: 'current-pricing', params: availability().pricing }"><div data-bind="possibleRangedCurrencyText: { data: price, simpleFormatting: simpleFormatting } "><sup>$</sup>4<span class="visually-hidden">.</span><sup>77</sup></div><div data-bind="template: {name: &quot;analytics-price-template&quot;, data: price, afterRender: $root.initVariableWeightPopup }">
	<span style="display:none;" data-analytics-type="product-price" class="product-price-analytics" data-analytics-value="4.77" data-bind="attr: { 'data-analytics-value': $data }">
	</span>
</div></div> <!-- /ko --> <!-- ko if: $data.availability().pricing.ranged --><!-- /ko --> <!-- ko ifnot: $data.availability().pricing.curPrice --><!-- /ko --> <!-- /ko --> <!-- ko if: availability().pricing.mapPrice --><!-- /ko --> <div class="pricing-spacer" data-bind="component: { name: 'was-pricing', params: availability().pricing }"><div class="price-was" data-bind="html: wasPriceDisplay"></div><div class="price-cover"></div><div class="price-cover-percent"></div><div class="price-unit" data-bind="template: {name: &quot;price-per-unit-tooltip-template&quot;, data: pricePerUnit, afterRender: $root.initPricingPopup }">
	<a class="popup-opener popup-align-left price-unit-tooltip" data-title-headline="" data-title="This is a unit of measurement to help you compare the value of this item. Please know, this is not the price of the item itself." data-bind="text: $data, attr:{'aria-label' : '. Price is measured as ' + $data}" aria-label=". Price is measured as 50¢/100ml">50¢/100ml</a>
</div></div> </span> <div class="availability-messages"> <div class="availability-online available" data-bind="css: {available: (availability().status === 'Available') || (availability().status === 'AcceptingPreorder'), 'not-available': (availability().status === 'NotSold') || (availability().status === 'OutOfStock') || (availability().status === 'NotEligible')}"> <!-- ko if: $data.availability().status !== 'OutOfStock' && $data.availability().status !== 'Available' && $data.availability().status !== 'AcceptingPreorder'--><!-- /ko --> <!-- ko if: $data.availability().status === 'Available' || $data.availability().status === 'AcceptingPreorder'--> <span title="Available online">Available online</span> <!-- /ko --> <!-- ko if: $data.availability().status === 'OutOfStock'--><!-- /ko --> </div> <div class="availability-in-store available" title="Available in stores"> Available in stores </div> </div> </div> </a> <div class="CTA-container"> <!-- ko template: { name: 'a2c-or-next-order-button', data: { selectedVariant: $data, amendableOrder: $data.amendableOrder(), CTA: $data.CTA(), viewGrocery: $data.availability().statusOnline.viewGroceryEligible && $root.siteExperience() == "gm", detailUrl: "https:////cat.criteo.com/beacon?fid=176&amp;hl_qs=VjcOs%2fKKYi3k4XIgbJfVweyrZQMoVlfzDSwjTPQBm6LIpas8A3AyhFPe8iCr3tO0YRxLLuSoPHhiQPkZrAH1quic52H4%2fSNN4Kowbu96ByZPEGHzDzp9z5d4%2fMZf0xkIWzLxb945rCzsdX4FlpxbBYM%2fpFOFy%2fJZw5NgfDzZNM%2fPdxhFvIM%2b%2b4j1cWQcXq%2fPv%2fAesq2Q6NfO28bkbGu1malwFY0CAoib%2bn4TmoOjXt0dCUpsT%2bqIuIOUQ4E8OMLTL7yXtHM7REnetFPERjDUiU8hzd%2b4S7q0H5mVqovubU4eZ9Bn0bvMWZS9LTk9qwbmy37lS1KPVJux0d5x0JDydJI75zYljCrmK4LZ8aISo%2b%2fw%2b7QeYabxM6ZFVroHxF0E5wO%2fwIMnRUCEX6%2bcrjT%2bZFo4NKY9RU%2f6aVG1E9nesKGUrZupOSLeMFvuYUfbDvNMEfkfl83GnJjhHHpx4HAPzxvgmZXPGlQ26QidZZhOdLTbYh1cVspIRsS5tL4RYEfdvP4q%2fbCoXRUtc7vN%2bv%2bw6%2f6uEtPFTw56i5%2f%2fOvS%2fTPLQQw87VLrORQPNL6NHcs46YqxgTDfv1A%2fLS1xvKCr%2fMySJwKMC1hDD7U6uPH9suE1F91S07%2fC%2fkRDkvTvaapkNkbnCJWeBmD%2f6mzv%2fgcziUVxCJlfwBkZzgAAvOuFyw1EIwB9oBQ1pV%2fOoq8UWedUmYSpLN3hDd2qkmXjMpu0g89zNhkdX6FcqomVDf2Ar2Zd%2f91GeRy%2bCJpy%2fftW6xQZmn0x92GBhgnF3hOB2OM5FZhMq6HIE4%2bVoH8%2bcdOoYY4CZ%2blvPNb6kFKHOOkd0m%2bzSKpk%2b2z9aILqSUyrehLRCrSulvqULBsfYta%2f%2fXwSlbIe2nZl6JplolSDP6iExnya5ILq%2fnrTCqZdSyeLDgA21utQrxCJXZAQwfkJ7ySHBw7o4skgYOngDTPJFk85SeTeU49YwUx8fb5bwQCj4VSxTIPm3VZcP1KAc47EnUoQ8zn9TxQ1NXZDZiutjMBqV%2fL%2b9zubZmVd%2bAUKpPhR%2bNdg%2fuUQnVNybCnwhe2bhZ%2fjPcgolOh1%2bvqlyurvG5fRDy7B%2flVRgKUGk8OAsT%2f2olBlLETMmjHIM7uxuH3yj5H3GkRqD4ayIsLBC85DIJktsA%2fkfUxvF%2bZ3DAqgWaiqsS4B8vUKwZetSN66idKNrC9wu1GfvUuO2t8IK5aaEd997ZK2I23GYSKwob1vaACHnTqkDC4syFbA2u5dqoL7%2bapdZVVFMYuaCBb%2fs7lPM0Uu6wFqKd4HxgdVPB4oS%2fgtnuqIuq0keQilKixElg7sBeKonYvrMTLgdqL81AawWQuY4bxCmUsawkq4mW4PJTpHRvOjGX6uTYG3dV0mF5uV6q836FgQqWds4D3kqdL4SDXtAUl4gvTnxr59Qq2Y4zrTgh%2bomDJsGAOjFJvgnv6GXFFN4SehLXd7FQQaVcLf4eJnnWfmBNW%2fS%2fVh75veKfbKmnNbAAA%3d%3d&amp;ev=2&amp;action=click&amp;impressionpid=a9586507-a49f-46af-a7ef-0c8e4863573f&amp;rn=1360482513&amp;hmguid=81cd635e-2ea0-4869-9e19-8845ea2945d6&amp;dest=https://www.walmart.ca/en/ip/international-delight-french-vanilla-coffee-whitener/6000077654180", trackingUrl: "", clickBeacon: "//cat.criteo.com/beacon?fid=176&amp;hl_qs=VjcOs%2fKKYi3k4XIgbJfVweyrZQMoVlfzDSwjTPQBm6LIpas8A3AyhFPe8iCr3tO0YRxLLuSoPHhiQPkZrAH1quic52H4%2fSNN4Kowbu96ByZPEGHzDzp9z5d4%2fMZf0xkIWzLxb945rCzsdX4FlpxbBYM%2fpFOFy%2fJZw5NgfDzZNM%2fPdxhFvIM%2b%2b4j1cWQcXq%2fPv%2fAesq2Q6NfO28bkbGu1malwFY0CAoib%2bn4TmoOjXt0dCUpsT%2bqIuIOUQ4E8OMLTL7yXtHM7REnetFPERjDUiU8hzd%2b4S7q0H5mVqovubU4eZ9Bn0bvMWZS9LTk9qwbmy37lS1KPVJux0d5x0JDydJI75zYljCrmK4LZ8aISo%2b%2fw%2b7QeYabxM6ZFVroHxF0E5wO%2fwIMnRUCEX6%2bcrjT%2bZFo4NKY9RU%2f6aVG1E9nesKGUrZupOSLeMFvuYUfbDvNMEfkfl83GnJjhHHpx4HAPzxvgmZXPGlQ26QidZZhOdLTbYh1cVspIRsS5tL4RYEfdvP4q%2fbCoXRUtc7vN%2bv%2bw6%2f6uEtPFTw56i5%2f%2fOvS%2fTPLQQw87VLrORQPNL6NHcs46YqxgTDfv1A%2fLS1xvKCr%2fMySJwKMC1hDD7U6uPH9suE1F91S07%2fC%2fkRDkvTvaapkNkbnCJWeBmD%2f6mzv%2fgcziUVxCJlfwBkZzgAAvOuFyw1EIwB9oBQ1pV%2fOoq8UWedUmZy8ON2ScC4N7rha1RTV8FNpDLYNdJs43k7nbyM4ECLgq8AGzPc5tqAURywS1SMyj%2b6YkNbYmcz55llBqpyda9EklWHDoUyf9VNc%2fvfUwE5FLR9%2bIH69Bhl3YNTMQtBVnK1nldkv6S6wDWl2r173VkcNLg9x2yxtJ9o%2fpt7V0yXv27Vtaisq%2f61gtvyqk5hXu4B1WAA%2flOAlemjo5uN2FkPGRfmfJ37bbElfzYO1AtsKOIfJDzU3mJn%2beUaBHec1dprf%2bw4Hs%2blY0rNYV18whMJrFkWOAsnVTF5K6%2fgp%2fOPS%2fEmuWeLC3x0abBXngODhxzdPrVLGOSpEU2vAMcLzoMqWaxuWXODf5qsUBlgT26kcOotxj8P%2bwJmME8ucU6hUEvph0XVhsOmfYw2YOVVMdT1RCOPbszOkVAhKWtbBLhBAebqb2UjzNNVrijb6PUpSFhv5AV3xEc5YP1HUpc4nak5uo12Onzx9D7nhp6GaoT%2bW18wc90MXgoq5mltfFN54Ankns2gFECwyoTDGFNFRNCOnVfYLEhodAtGH24qxfJzXva34%2fGerSqxES5HM2WOW8dEYPT%2fBIr86RFx9vidWo5L6t0Qt2tx4p5Ka%2beAvN7TE8i1iFRQR0sDrxnt8Ecru08kyV4Q2AEGzrSaN1DFi%2bHYjH0taEbsercD2ySriZdSR2u1CdnXRlHPcm%2f0GTnMnCg4v9S5oRxvV8RfsMVA6nzUyipR2u6sDRIfnGxg6g0JAbJcat8ZQ3RcSL6AfDhlcn8hFXePoWoBcrFVXrzJX6OA%3d%3d&amp;ev=2&amp;action=click&amp;impressionpid=a9586507-a49f-46af-a7ef-0c8e4863573f&amp;rn=1817380034&amp;hmguid=81cd635e-2ea0-4869-9e19-8845ea2945d6" } } -->
	<!-- ko if: $data.amendableOrder.allCallsAreSynchronized -->
		<!-- ko if: $data.amendableOrder.show --><!-- /ko -->

		<!-- ko ifnot: $data.amendableOrder.show -->

			
			<!-- ko if: $data.CTA.hasAvailableStatus && !!$data.CTA.text && !$data.viewGrocery -->
			<button class="button add-to-cart-btn limited-stock" data-bind="visible: $data.CTA.hasAvailableStatus, show: (!!$data.CTA.text), css: $data.CTA.status, attr: { 'data-click-tracking-url': $data.trackingUrl, 'data-click-beacon': $data.clickBeacon, 'aria-label': $data.CTA.status + ', ' + $data.CTA.text}" data-click-tracking-url="" data-click-beacon="//cat.criteo.com/beacon?fid=176&amp;amp;hl_qs=VjcOs%2fKKYi3k4XIgbJfVweyrZQMoVlfzDSwjTPQBm6LIpas8A3AyhFPe8iCr3tO0YRxLLuSoPHhiQPkZrAH1quic52H4%2fSNN4Kowbu96ByZPEGHzDzp9z5d4%2fMZf0xkIWzLxb945rCzsdX4FlpxbBYM%2fpFOFy%2fJZw5NgfDzZNM%2fPdxhFvIM%2b%2b4j1cWQcXq%2fPv%2fAesq2Q6NfO28bkbGu1malwFY0CAoib%2bn4TmoOjXt0dCUpsT%2bqIuIOUQ4E8OMLTL7yXtHM7REnetFPERjDUiU8hzd%2b4S7q0H5mVqovubU4eZ9Bn0bvMWZS9LTk9qwbmy37lS1KPVJux0d5x0JDydJI75zYljCrmK4LZ8aISo%2b%2fw%2b7QeYabxM6ZFVroHxF0E5wO%2fwIMnRUCEX6%2bcrjT%2bZFo4NKY9RU%2f6aVG1E9nesKGUrZupOSLeMFvuYUfbDvNMEfkfl83GnJjhHHpx4HAPzxvgmZXPGlQ26QidZZhOdLTbYh1cVspIRsS5tL4RYEfdvP4q%2fbCoXRUtc7vN%2bv%2bw6%2f6uEtPFTw56i5%2f%2fOvS%2fTPLQQw87VLrORQPNL6NHcs46YqxgTDfv1A%2fLS1xvKCr%2fMySJwKMC1hDD7U6uPH9suE1F91S07%2fC%2fkRDkvTvaapkNkbnCJWeBmD%2f6mzv%2fgcziUVxCJlfwBkZzgAAvOuFyw1EIwB9oBQ1pV%2fOoq8UWedUmZy8ON2ScC4N7rha1RTV8FNpDLYNdJs43k7nbyM4ECLgq8AGzPc5tqAURywS1SMyj%2b6YkNbYmcz55llBqpyda9EklWHDoUyf9VNc%2fvfUwE5FLR9%2bIH69Bhl3YNTMQtBVnK1nldkv6S6wDWl2r173VkcNLg9x2yxtJ9o%2fpt7V0yXv27Vtaisq%2f61gtvyqk5hXu4B1WAA%2flOAlemjo5uN2FkPGRfmfJ37bbElfzYO1AtsKOIfJDzU3mJn%2beUaBHec1dprf%2bw4Hs%2blY0rNYV18whMJrFkWOAsnVTF5K6%2fgp%2fOPS%2fEmuWeLC3x0abBXngODhxzdPrVLGOSpEU2vAMcLzoMqWaxuWXODf5qsUBlgT26kcOotxj8P%2bwJmME8ucU6hUEvph0XVhsOmfYw2YOVVMdT1RCOPbszOkVAhKWtbBLhBAebqb2UjzNNVrijb6PUpSFhv5AV3xEc5YP1HUpc4nak5uo12Onzx9D7nhp6GaoT%2bW18wc90MXgoq5mltfFN54Ankns2gFECwyoTDGFNFRNCOnVfYLEhodAtGH24qxfJzXva34%2fGerSqxES5HM2WOW8dEYPT%2fBIr86RFx9vidWo5L6t0Qt2tx4p5Ka%2beAvN7TE8i1iFRQR0sDrxnt8Ecru08kyV4Q2AEGzrSaN1DFi%2bHYjH0taEbsercD2ySriZdSR2u1CdnXRlHPcm%2f0GTnMnCg4v9S5oRxvV8RfsMVA6nzUyipR2u6sDRIfnGxg6g0JAbJcat8ZQ3RcSL6AfDhlcn8hFXePoWoBcrFVXrzJX6OA%3d%3d&amp;amp;ev=2&amp;amp;action=click&amp;amp;impressionpid=a9586507-a49f-46af-a7ef-0c8e4863573f&amp;amp;rn=1817380034&amp;amp;hmguid=81cd635e-2ea0-4869-9e19-8845ea2945d6" aria-label="limited-stock, Add to cart">
				<span class="ribbon-arrow" data-bind="html: $data.CTA.ribbonText, show: $data.CTA.ribbon">Limited Stock</span>
				<span class="btn-txt" data-bind="text: $data.CTA.text">Add to cart</span>
				<span class="loading-icon"></span>
			</button>
			<!-- /ko -->

			
			<!-- ko if: !$data.CTA.hasAvailableStatus && !!$data.CTA.text --><!-- /ko -->

			
			<!-- ko if: !$data.CTA.hasAvailableStatus && !$data.CTA.text --><!--/ko-->

			
			<!-- ko if: $data.CTA.hasAvailableStatus && !!$data.CTA.text  && $data.viewGrocery --><!-- /ko -->

		<!-- /ko -->

		<input type="hidden" data-bind="attr: { 'data-analytics-status-online': $data.selectedVariant.availability().statusOnline.status }" data-analytics-status-online="Available">
		<input type="hidden" data-bind="attr: { 'data-analytics-status-store': $data.selectedVariant.availability().statusStore.status }" data-analytics-status-store="">

	<!-- /ko -->
<!-- /ko --> <div class="drop-down-list hide"> <button type="button" class="drop-down-button button-list"> <span class="loading-icon"></span> Add to list </button> </div> <div class="drop-down-button-container drop-down-registry hide"> <button type="button" class="drop-down-button button-list"> <span class="loading-icon"></span> Add to registry </button> </div> </div> <input type="hidden" class="numSkus" value="1"> <input type="hidden" class="primary_parent_id" value="6000194349396"> <input type="hidden" class="categoryID" value="6000194349396"> <input type="hidden" class="productRollupID" value="6000077654180"> <input type="hidden" class="productID" value="10186812"> <input type="hidden" class="productSkus" value="{&quot;productid&quot;:&quot;10186812&quot;,&quot;skus&quot;:[[{&quot;skuid&quot;:&quot;10186812&quot;,&quot;minOrderQuantity&quot;:1,&quot;status&quot;:&quot;&quot;,&quot;eligibility_type&quot;:&quot;&quot;,&quot;date&quot;:&quot;&quot;,&quot;mfgr_sugd_rtl_amt&quot;:&quot;&quot;,&quot;price_comparison_qty&quot;:&quot;&quot;,&quot;price_comparison_unit&quot;:&quot;ML&quot;}]]}"> <input type="hidden" class="productQueryData" value="{&quot;6000077654180&quot;:[{&quot;sku&quot;:&quot;10186812&quot;,&quot;upc&quot;:[]}]}"> <input type="hidden" class="offerID" data-bind="attr: { value: $data.offerId }" value="10186812"> <input type="hidden" class="minOrderQuantity" data-bind="attr: { value: $root.variantMinQuantity('10186812', '10186812') }" value="1"> <img src="//b.da.us.criteo.com/beacon?fid=176&amp;hl_qs=VjcOs%2fKKYi3k4XIgbJfVweyrZQMoVlfzDSwjTPQBm6LIpas8A3AyhFPe8iCr3tO0YRxLLuSoPHhiQPkZrAH1quic52H4%2fSNN4Kowbu96ByZPEGHzDzp9z5d4%2fMZf0xkIWzLxb945rCzsdX4FlpxbBYM%2fpFOFy%2fJZw5NgfDzZNM%2fPdxhFvIM%2b%2b4j1cWQcXq%2fPv%2fAesq2Q6NfO28bkbGu1malwFY0CAoib%2bn4TmoOjXt0dCUpsT%2bqIuIOUQ4E8OMLTL7yXtHM7REnetFPERjDUiU8hzd%2b4S7q0H5mVqovubU7bRqWSnq4Rqw%2bM7tN%2fRv1VRwIgbaYazadVx1Bi8bs8P6fqzjuOgkoMJvHnASciQ7JWiA1g0I7PvqR9CD2Pxb8ewXUcVkJ1%2fDWfAHg%2bUGwLa7D1KU1W3%2bXcZNn58hDl7B9CHEuxclammuojwKytct2q1aYxE8tpfg0X%2fzggOFVVHQxwMjcijUlBfFJsbvqvzW1Yz6Gq6B9nBItT3o4a4Yan6eIPNM8YAa%2fGQsTQ15kRBP9jyXrXmsvJaI%2b0r0sIxGbzHfHxhJ%2fuJb%2fHktFTwImGItTidQg1bUI7KBxjO9kBJWYRBHzXcV60yf7ZY9Muebc24Kr94kjpe7twBrcCJCugGtaWReLS27fKu1lfc8PwPMgMeZMGMGl8M7GD8qxkn6vCGE%2fGNVGoZ6eqZvPvaDOLUAzpveuNFxZYdJZxwnzYfhyRhMcrZ4TCG%2bnMVMmxW86wM87c8xitpUzpYkDAqU%2bvQmqvzRsFHn82fxZ48Nu2Krfu0QG76Ul4qTP9T0uB1U2bAJ14ujt6a5zCnPj5Vz9jrtdBVkXEvD8jwv8jgYmn41Klt9Cma0Cye9e8tso7wkAeoAwjbtl1BjPbDdkWYFAGIjlZaLBm38266xqljb4Cp41FZr55z3PJtiV4FTQc3AJ0g7LzIYvJ8ysYrnPC%2fEvqNCVypNrWSIrwk%2fI5qlHs5FitxnF0z86FQTbMq1Jy%2fY2k%2fty2y9ptPBbuQeA2fCRWEkrQcexDTSPArKcCaoaA6OYKIqUrAY%2bQP8ESSYihsDUudscql8vUr6ExOvPFzGkDAcAJQHqftzlgTbWwA4yPeLL4VpsS7DrSkqQRB0kkpBmUEKnw9PzOjLHIsSEyHF6lZY%2bj35OL5cRKtT6TCjNvf%2bLkegGk%2bv4cISnINVb8jx1G0URLpdQQP0E4dhGbvKtw9xKrgfvUJx5nc7XbKHkY1gPxAQv%2bcZD343RKPYGqsheYxkV3OzKKRTcvGOh5Gz9q4nGjTn3sCV5BoPmFakgBjF6M6juN2i9Q%2frHb11Y4vMUZymmlWBUmDC4hTgL32iIMhAZ2XrAHwR25DTFV6AO%2bSvsOmHMj%2bsbqcmFt5pLIG%2bH9s1SReAhCDuqQCAL8rKFDdrj3ygD%2fpe%2bJNI%2bjJRvGOYjiCcZCOCETaM8YIKCMpN8tNRDMeAWBA0B4JLCkgCGJy8KxQGX9EFCBWKDcew%2frax%2bbTptNNWGd06dQTb2K6FXnNB2oid5W3GYqlfrrMfilgJF5ABIWHFCbNrtZGMfScg%3d%3d&amp;ev=2&amp;action=imp&amp;pageguid=08ecb0d5-ebd5-4064-b910-106f31c6c23c&amp;pid=a9586507-a49f-46af-a7ef-0c8e4863573f&amp;rn=381662429&amp;hmguid=81cd635e-2ea0-4869-9e19-8845ea2945d6" class="impression-beacon" width="1" height="1"> </article>     <article class="simplified-thumb product thumb-6000198581742" id="thumb-6000198581742" data-rollup-id="6000198581741" data-bind="with: selectedVariant('6000198581741')" style="float: left; list-style: none; position: relative; width: 178.25px; margin-right: 20px;"> <a class="product-link" data-bind="click: function() {$root.navigateToPip($data.availability().statusOnline.viewGroceryEligible &amp;&amp; $root.siteExperience() == 'gm', 'https:////cat.criteo.com/beacon?fid=176&amp;hl_qs=VjcOs%2fKKYi3k4XIgbJfVweyrZQMoVlfzDSwjTPQBm6LIpas8A3AyhFPe8iCr3tO0YRxLLuSoPHhiQPkZrAH1qr9zSZgvffEOVTTEtBeFZHeKzWmTPAuoEekid%2ffVb2xaz9jpOWxqay%2bUAfx3hkSsWZ5PczuqYjhdulRsGcA30USqivg7ScvR1VdkyHhaVkjYXwgxUuw1iJ4SCBMb02vYmejtxScXrhTAvsxx0jYmWcJrU0Sa%2f%2fgZl1wXue7mhOezvkymSASymFI9HK6LOiB2LES5U3RZod9SBKAfS1va2vPi8HRl1eHJR7GaXJkm8h4ghwZOuvF2wXs9x3x8Dbu2W17pTPl3fZrJ0v9XwLRSzkNQvvsX1FvKpMm3p%2bCSiVbrREl7XAuT6I4mBnfCSrN7kFESs7By16nyjeiof0TOxoSwkSlEdeVPGjl%2bVRm0wAlSbXXjo3qu6nU%2fuZatJgxy%2bShjPKm6m6xgvEIXN7E%2bmPUAVPiwcJQqpEIY6OXsio6Whdd9NvSoDP0g6rGyQYtGapEDkosL5tr%2fC%2fOrT4OGJx7DpWojcR6w%2f7H7cQWItP%2bB5asgS8%2fK%2b%2fh7JNEXU8kQSuImIXzaH8v7LiYbDfoXng1W7%2bikp6%2fO295HD3ADwS8QSeKoYGaZRGKLv2kiOJpug1v4%2fQaP8K%2bMXZtQLV4MyasZd5ockQz1ASqepf1pTO95OdIrcmh1r4C9hP52waKa079lkQlseA%2bpxTCQEv4tkTMUc88rFvlRmxfJbflcKJ8FWqHV3%2bTfVKpvISHVdJP1cwxf%2bSdJ29ianBJ8RJfyJXrv7OHm8qEwoHR3fWrWZ03HSTpmM6czRCMn8QiOy2QpaVGUVkn2%2b3rhM9Z3GWEKT4YXOFk9wDeitDXCMzMzF1AeIfTiLBLUKRDqsJHh%2fJEnAG%2bpSQnbEann1yJN%2bGRKWoJlA1WTrIon8jkJ4Z8JIk2rGxY396jEGN5NMULZYwme9pH49X5hpN5AyjY4GrnM8oZ%2b9K5vR0GWHxM51a9YOz%2fuPaWo%2btgATSwZn9Z9aeLbFYTlbvRzLItgAHh7%2fF62uQvDm9fT4%2fUEZNfARWZgFQP7NE1W76GiW4Fq0Y594nOJZKYh6NgSLdiDrhTwT3ZeahEJ9KaKR7vpPhtDG2NAduKYatP%2f%2bucD7IVgyti244g%2bBm%2fmPNMSXm1%2bKG6t5WOVHOJi2mX%2bCzDbpMoJy6DAKxCUPMHGVn693ZoaPHK%2bvkHu6GUwpt5QrktCzRg3GxWC5rbRYGIXTtyVlQVbEOBjzCDubxiOqQkm5kr8e0vcA2F2l36g3ptJlQLFWwQD3%2fBDnacj6O1RLzBCJefNQc%2bsAOfzXy72HUGiBFJTEf7aqJ2yF8aquBAXEI71ZVOOyyLInaB8wmTWdHNWlTdIT86KAjqMPWtMgszuhDlT7H8nXsvcm49wacIFFIM7CQxoz1xC2qYkESYuTEah5yclkb4nK%2fCpcKsNuENJtVt0bcokf1EgfA%3d%3d&amp;ev=2&amp;action=click&amp;impressionpid=b18d790e-e915-4981-b900-5e00207ab01c&amp;rn=567067742&amp;hmguid=81cd635e-2ea0-4869-9e19-8845ea2945d6&amp;dest=https://www.walmart.ca/en/ip/oikos-greek-yogurt-triple-zero-fat-free-plain-750g/6000198581741')}, attr: {href: !($data.availability().statusOnline.viewGroceryEligible &amp;&amp; $root.siteExperience() == 'gm') ? 'https:////cat.criteo.com/beacon?fid=176&amp;hl_qs=VjcOs%2fKKYi3k4XIgbJfVweyrZQMoVlfzDSwjTPQBm6LIpas8A3AyhFPe8iCr3tO0YRxLLuSoPHhiQPkZrAH1qr9zSZgvffEOVTTEtBeFZHeKzWmTPAuoEekid%2ffVb2xaz9jpOWxqay%2bUAfx3hkSsWZ5PczuqYjhdulRsGcA30USqivg7ScvR1VdkyHhaVkjYXwgxUuw1iJ4SCBMb02vYmejtxScXrhTAvsxx0jYmWcJrU0Sa%2f%2fgZl1wXue7mhOezvkymSASymFI9HK6LOiB2LES5U3RZod9SBKAfS1va2vPi8HRl1eHJR7GaXJkm8h4ghwZOuvF2wXs9x3x8Dbu2W17pTPl3fZrJ0v9XwLRSzkNQvvsX1FvKpMm3p%2bCSiVbrREl7XAuT6I4mBnfCSrN7kFESs7By16nyjeiof0TOxoSwkSlEdeVPGjl%2bVRm0wAlSbXXjo3qu6nU%2fuZatJgxy%2bShjPKm6m6xgvEIXN7E%2bmPUAVPiwcJQqpEIY6OXsio6Whdd9NvSoDP0g6rGyQYtGapEDkosL5tr%2fC%2fOrT4OGJx7DpWojcR6w%2f7H7cQWItP%2bB5asgS8%2fK%2b%2fh7JNEXU8kQSuImIXzaH8v7LiYbDfoXng1W7%2bikp6%2fO295HD3ADwS8QSeKoYGaZRGKLv2kiOJpug1v4%2fQaP8K%2bMXZtQLV4MyasZd5ockQz1ASqepf1pTO95OdIrcmh1r4C9hP52waKa079lkQlseA%2bpxTCQEv4tkTMUc88rFvlRmxfJbflcKJ8FWqHV3%2bTfVKpvISHVdJP1cwxf%2bSdJ29ianBJ8RJfyJXrv7OHm8qEwoHR3fWrWZ03HSTpmM6czRCMn8QiOy2QpaVGUVkn2%2b3rhM9Z3GWEKT4YXOFk9wDeitDXCMzMzF1AeIfTiLBLUKRDqsJHh%2fJEnAG%2bpSQnbEann1yJN%2bGRKWoJlA1WTrIon8jkJ4Z8JIk2rGxY396jEGN5NMULZYwme9pH49X5hpN5AyjY4GrnM8oZ%2b9K5vR0GWHxM51a9YOz%2fuPaWo%2btgATSwZn9Z9aeLbFYTlbvRzLItgAHh7%2fF62uQvDm9fT4%2fUEZNfARWZgFQP7NE1W76GiW4Fq0Y594nOJZKYh6NgSLdiDrhTwT3ZeahEJ9KaKR7vpPhtDG2NAduKYatP%2f%2bucD7IVgyti244g%2bBm%2fmPNMSXm1%2bKG6t5WOVHOJi2mX%2bCzDbpMoJy6DAKxCUPMHGVn693ZoaPHK%2bvkHu6GUwpt5QrktCzRg3GxWC5rbRYGIXTtyVlQVbEOBjzCDubxiOqQkm5kr8e0vcA2F2l36g3ptJlQLFWwQD3%2fBDnacj6O1RLzBCJefNQc%2bsAOfzXy72HUGiBFJTEf7aqJ2yF8aquBAXEI71ZVOOyyLInaB8wmTWdHNWlTdIT86KAjqMPWtMgszuhDlT7H8nXsvcm49wacIFFIM7CQxoz1xC2qYkESYuTEah5yclkb4nK%2fCpcKsNuENJtVt0bcokf1EgfA%3d%3d&amp;ev=2&amp;action=click&amp;impressionpid=b18d790e-e915-4981-b900-5e00207ab01c&amp;rn=567067742&amp;hmguid=81cd635e-2ea0-4869-9e19-8845ea2945d6&amp;dest=https://www.walmart.ca/en/ip/oikos-greek-yogurt-triple-zero-fat-free-plain-750g/6000198581741' : ''}" href="https:////cat.criteo.com/beacon?fid=176&amp;hl_qs=VjcOs%2fKKYi3k4XIgbJfVweyrZQMoVlfzDSwjTPQBm6LIpas8A3AyhFPe8iCr3tO0YRxLLuSoPHhiQPkZrAH1qr9zSZgvffEOVTTEtBeFZHeKzWmTPAuoEekid%2ffVb2xaz9jpOWxqay%2bUAfx3hkSsWZ5PczuqYjhdulRsGcA30USqivg7ScvR1VdkyHhaVkjYXwgxUuw1iJ4SCBMb02vYmejtxScXrhTAvsxx0jYmWcJrU0Sa%2f%2fgZl1wXue7mhOezvkymSASymFI9HK6LOiB2LES5U3RZod9SBKAfS1va2vPi8HRl1eHJR7GaXJkm8h4ghwZOuvF2wXs9x3x8Dbu2W17pTPl3fZrJ0v9XwLRSzkNQvvsX1FvKpMm3p%2bCSiVbrREl7XAuT6I4mBnfCSrN7kFESs7By16nyjeiof0TOxoSwkSlEdeVPGjl%2bVRm0wAlSbXXjo3qu6nU%2fuZatJgxy%2bShjPKm6m6xgvEIXN7E%2bmPUAVPiwcJQqpEIY6OXsio6Whdd9NvSoDP0g6rGyQYtGapEDkosL5tr%2fC%2fOrT4OGJx7DpWojcR6w%2f7H7cQWItP%2bB5asgS8%2fK%2b%2fh7JNEXU8kQSuImIXzaH8v7LiYbDfoXng1W7%2bikp6%2fO295HD3ADwS8QSeKoYGaZRGKLv2kiOJpug1v4%2fQaP8K%2bMXZtQLV4MyasZd5ockQz1ASqepf1pTO95OdIrcmh1r4C9hP52waKa079lkQlseA%2bpxTCQEv4tkTMUc88rFvlRmxfJbflcKJ8FWqHV3%2bTfVKpvISHVdJP1cwxf%2bSdJ29ianBJ8RJfyJXrv7OHm8qEwoHR3fWrWZ03HSTpmM6czRCMn8QiOy2QpaVGUVkn2%2b3rhM9Z3GWEKT4YXOFk9wDeitDXCMzMzF1AeIfTiLBLUKRDqsJHh%2fJEnAG%2bpSQnbEann1yJN%2bGRKWoJlA1WTrIon8jkJ4Z8JIk2rGxY396jEGN5NMULZYwme9pH49X5hpN5AyjY4GrnM8oZ%2b9K5vR0GWHxM51a9YOz%2fuPaWo%2btgATSwZn9Z9aeLbFYTlbvRzLItgAHh7%2fF62uQvDm9fT4%2fUEZNfARWZgFQP7NE1W76GiW4Fq0Y594nOJZKYh6NgSLdiDrhTwT3ZeahEJ9KaKR7vpPhtDG2NAduKYatP%2f%2bucD7IVgyti244g%2bBm%2fmPNMSXm1%2bKG6t5WOVHOJi2mX%2bCzDbpMoJy6DAKxCUPMHGVn693ZoaPHK%2bvkHu6GUwpt5QrktCzRg3GxWC5rbRYGIXTtyVlQVbEOBjzCDubxiOqQkm5kr8e0vcA2F2l36g3ptJlQLFWwQD3%2fBDnacj6O1RLzBCJefNQc%2bsAOfzXy72HUGiBFJTEf7aqJ2yF8aquBAXEI71ZVOOyyLInaB8wmTWdHNWlTdIT86KAjqMPWtMgszuhDlT7H8nXsvcm49wacIFFIM7CQxoz1xC2qYkESYuTEah5yclkb4nK%2fCpcKsNuENJtVt0bcokf1EgfA%3d%3d&amp;ev=2&amp;action=click&amp;impressionpid=b18d790e-e915-4981-b900-5e00207ab01c&amp;rn=567067742&amp;hmguid=81cd635e-2ea0-4869-9e19-8845ea2945d6&amp;dest=https://www.walmart.ca/en/ip/oikos-greek-yogurt-triple-zero-fat-free-plain-750g/6000198581741"> <div class="badge-container"> <!-- ko template: { name: 'product-badges', if: !!$data.badgesAnalytics(), data: { badges: badges, badgesAnalytics: badgesAnalytics, screenReaderHidden : true } } --><!-- /ko --> <!-- ko ifnot: $data.badgesAnalytics() --> <span class="badge"></span> <!-- /ko --> </div> <div class="centered-img"> <div class="cmp-atc-thmb-wrp"> <span class="cmp-atc-thmb-state">✔</span><span class="cmp-atc-thmb-copy mobile-hide"></span> </div> <div class="centered-img-wrap"> <img alt="" class="image lazy-img" src="data:image/gif;base64,R0lGODlhAQABAIAAAAAAAP///yH5BAEAAAAALAAAAAABAAEAAAIBRAA7" data-original="//i5.walmartimages.ca/images/Thumbnails/284/477/6000202284477.jpg?odnBound=200" width="200" height="200"> </div> </div> <div class="product-details-container"> <div class="details"> <div class="title" aria-label="OIKOS Greek Yogurt, Triple Zero, Fat Free, Plain, 750g."> <h2 class="thumb-header">OIKOS Greek Yogurt, Triple Zero, Fat Free, Plain, 750g</h2> </div> <div class="fade"></div> </div> <!-- ko template: { name: 'product-badges', if: !!$data.badgesAnalytics(), data: { badges: badges, badgesAnalytics: badgesAnalytics, screenReaderHidden : false } } --><!-- /ko --> <div class="ratings"> <div class="stars rating-0_0" aria-label="This product has not been rated." data-bind="template: { name: 'star-ratings' }">
	 <i class="star"></i>  <i class="star"></i>  <i class="star"></i>  <i class="star"></i>  <i class="star"></i> 
</div> <span class="review-count" aria-label="This product hasn’t been reviewed.">0 Reviews</span> <div class="fade"></div> </div> <span class="all-price-sections"> <!-- ko ifnot: availability().pricing.mapPrice --> <div class="only-for-screen-reader" id="price">Price</div> <!-- ko if: $data.availability().pricing.curPrice > 0 && !$data.availability().pricing.ranged--> <div class="price-current" data-bind="component: { name: 'current-pricing', params: availability().pricing }"><div data-bind="possibleRangedCurrencyText: { data: price, simpleFormatting: simpleFormatting } "><sup>$</sup>4<span class="visually-hidden">.</span><sup>97</sup></div><div data-bind="template: {name: &quot;analytics-price-template&quot;, data: price, afterRender: $root.initVariableWeightPopup }">
	<span style="display:none;" data-analytics-type="product-price" class="product-price-analytics" data-analytics-value="4.97" data-bind="attr: { 'data-analytics-value': $data }">
	</span>
</div></div> <!-- /ko --> <!-- ko if: $data.availability().pricing.ranged --><!-- /ko --> <!-- ko ifnot: $data.availability().pricing.curPrice --><!-- /ko --> <!-- /ko --> <!-- ko if: availability().pricing.mapPrice --><!-- /ko --> <div class="pricing-spacer" data-bind="component: { name: 'was-pricing', params: availability().pricing }"><div class="price-was" data-bind="html: wasPriceDisplay"></div><div class="price-cover"></div><div class="price-cover-percent"></div><div class="price-unit" data-bind="template: {name: &quot;price-per-unit-tooltip-template&quot;, data: pricePerUnit, afterRender: $root.initPricingPopup }">
	<a class="popup-opener popup-align-left price-unit-tooltip" data-title-headline="" data-title="This is a unit of measurement to help you compare the value of this item. Please know, this is not the price of the item itself." data-bind="text: $data, attr:{'aria-label' : '. Price is measured as ' + $data}" aria-label=". Price is measured as $828.33/100g">$828.33/100g</a>
</div></div> </span> <div class="availability-messages"> <div class="availability-online available" data-bind="css: {available: (availability().status === 'Available') || (availability().status === 'AcceptingPreorder'), 'not-available': (availability().status === 'NotSold') || (availability().status === 'OutOfStock') || (availability().status === 'NotEligible')}"> <!-- ko if: $data.availability().status !== 'OutOfStock' && $data.availability().status !== 'Available' && $data.availability().status !== 'AcceptingPreorder'--><!-- /ko --> <!-- ko if: $data.availability().status === 'Available' || $data.availability().status === 'AcceptingPreorder'--> <span title="Available online">Available online</span> <!-- /ko --> <!-- ko if: $data.availability().status === 'OutOfStock'--><!-- /ko --> </div> <div class="availability-in-store available" title="Available in stores"> Available in stores </div> </div> </div> </a> <div class="CTA-container"> <!-- ko template: { name: 'a2c-or-next-order-button', data: { selectedVariant: $data, amendableOrder: $data.amendableOrder(), CTA: $data.CTA(), viewGrocery: $data.availability().statusOnline.viewGroceryEligible && $root.siteExperience() == "gm", detailUrl: "https:////cat.criteo.com/beacon?fid=176&amp;hl_qs=VjcOs%2fKKYi3k4XIgbJfVweyrZQMoVlfzDSwjTPQBm6LIpas8A3AyhFPe8iCr3tO0YRxLLuSoPHhiQPkZrAH1qr9zSZgvffEOVTTEtBeFZHeKzWmTPAuoEekid%2ffVb2xaz9jpOWxqay%2bUAfx3hkSsWZ5PczuqYjhdulRsGcA30USqivg7ScvR1VdkyHhaVkjYXwgxUuw1iJ4SCBMb02vYmejtxScXrhTAvsxx0jYmWcJrU0Sa%2f%2fgZl1wXue7mhOezvkymSASymFI9HK6LOiB2LES5U3RZod9SBKAfS1va2vPi8HRl1eHJR7GaXJkm8h4ghwZOuvF2wXs9x3x8Dbu2W17pTPl3fZrJ0v9XwLRSzkNQvvsX1FvKpMm3p%2bCSiVbrREl7XAuT6I4mBnfCSrN7kFESs7By16nyjeiof0TOxoSwkSlEdeVPGjl%2bVRm0wAlSbXXjo3qu6nU%2fuZatJgxy%2bShjPKm6m6xgvEIXN7E%2bmPUAVPiwcJQqpEIY6OXsio6Whdd9NvSoDP0g6rGyQYtGapEDkosL5tr%2fC%2fOrT4OGJx7DpWojcR6w%2f7H7cQWItP%2bB5asgS8%2fK%2b%2fh7JNEXU8kQSuImIXzaH8v7LiYbDfoXng1W7%2bikp6%2fO295HD3ADwS8QSeKoYGaZRGKLv2kiOJpug1v4%2fQaP8K%2bMXZtQLV4MyasZd5ockQz1ASqepf1pTO95OdIrcmh1r4C9hP52waKa079lkQlseA%2bpxTCQEv4tkTMUc88rFvlRmxfJbflcKJ8FWqHV3%2bTfVKpvISHVdJP1cwxf%2bSdJ29ianBJ8RJfyJXrv7OHm8qEwoHR3fWrWZ03HSTpmM6czRCMn8QiOy2QpaVGUVkn2%2b3rhM9Z3GWEKT4YXOFk9wDeitDXCMzMzF1AeIfTiLBLUKRDqsJHh%2fJEnAG%2bpSQnbEann1yJN%2bGRKWoJlA1WTrIon8jkJ4Z8JIk2rGxY396jEGN5NMULZYwme9pH49X5hpN5AyjY4GrnM8oZ%2b9K5vR0GWHxM51a9YOz%2fuPaWo%2btgATSwZn9Z9aeLbFYTlbvRzLItgAHh7%2fF62uQvDm9fT4%2fUEZNfARWZgFQP7NE1W76GiW4Fq0Y594nOJZKYh6NgSLdiDrhTwT3ZeahEJ9KaKR7vpPhtDG2NAduKYatP%2f%2bucD7IVgyti244g%2bBm%2fmPNMSXm1%2bKG6t5WOVHOJi2mX%2bCzDbpMoJy6DAKxCUPMHGVn693ZoaPHK%2bvkHu6GUwpt5QrktCzRg3GxWC5rbRYGIXTtyVlQVbEOBjzCDubxiOqQkm5kr8e0vcA2F2l36g3ptJlQLFWwQD3%2fBDnacj6O1RLzBCJefNQc%2bsAOfzXy72HUGiBFJTEf7aqJ2yF8aquBAXEI71ZVOOyyLInaB8wmTWdHNWlTdIT86KAjqMPWtMgszuhDlT7H8nXsvcm49wacIFFIM7CQxoz1xC2qYkESYuTEah5yclkb4nK%2fCpcKsNuENJtVt0bcokf1EgfA%3d%3d&amp;ev=2&amp;action=click&amp;impressionpid=b18d790e-e915-4981-b900-5e00207ab01c&amp;rn=567067742&amp;hmguid=81cd635e-2ea0-4869-9e19-8845ea2945d6&amp;dest=https://www.walmart.ca/en/ip/oikos-greek-yogurt-triple-zero-fat-free-plain-750g/6000198581741", trackingUrl: "", clickBeacon: "//cat.criteo.com/beacon?fid=176&amp;hl_qs=VjcOs%2fKKYi3k4XIgbJfVweyrZQMoVlfzDSwjTPQBm6LIpas8A3AyhFPe8iCr3tO0YRxLLuSoPHhiQPkZrAH1qr9zSZgvffEOVTTEtBeFZHeKzWmTPAuoEekid%2ffVb2xaz9jpOWxqay%2bUAfx3hkSsWZ5PczuqYjhdulRsGcA30USqivg7ScvR1VdkyHhaVkjYXwgxUuw1iJ4SCBMb02vYmejtxScXrhTAvsxx0jYmWcJrU0Sa%2f%2fgZl1wXue7mhOezvkymSASymFI9HK6LOiB2LES5U3RZod9SBKAfS1va2vPi8HRl1eHJR7GaXJkm8h4ghwZOuvF2wXs9x3x8Dbu2W17pTPl3fZrJ0v9XwLRSzkNQvvsX1FvKpMm3p%2bCSiVbrREl7XAuT6I4mBnfCSrN7kFESs7By16nyjeiof0TOxoSwkSlEdeVPGjl%2bVRm0wAlSbXXjo3qu6nU%2fuZatJgxy%2bShjPKm6m6xgvEIXN7E%2bmPUAVPiwcJQqpEIY6OXsio6Whdd9NvSoDP0g6rGyQYtGapEDkosL5tr%2fC%2fOrT4OGJx7DpWojcR6w%2f7H7cQWItP%2bB5asgS8%2fK%2b%2fh7JNEXU8kQSuImIXzaH8v7LiYbDfoXng1W7%2bikp6%2fO295HD3ADwS8QSeKoYGaZRGKLv2kiOJpug1v4%2fQaP8K%2bMXZtQLV4MyasZd5ockQz1ASqepf1pTO95C3y9zbHPc3G%2bwbm10MAC8KQD0KWkTDftZ5AqgmodRacol0arqrD9n1ICpQERsuJ1cHOCcnKRWlHDvt0sG6NYHAP7B2jQVJmVymHtUDXTZZ%2b7N9fyyXkzU%2bxNiwSK4ZMpTCZruKeoGftgNV7GL4zjF4CuL9kN8hZpo5ocNky0Izh6tBi7uL3yUxHz5iFJ5t3f4H0XYIogQJBWfcrQ7oMCUn0CA2DzJMbFCzep3Ucxurg76E%2fhzgCBaVclfqlJ9k%2fveOqX4p6SdJZuyJVuaqdFZjNvFuNehY3BXEBTR9ho2mzRJYCqVa7RK2dyf6dIXF9lZPVNVP55CYN3EtI8bJhAw2RG5vkXs9W1wNwbBI8ArshViDfqNZUEQmS4ChDK3hkvfLBqxYnvZ6A8sUJhWWpBMIk6v8XnIAAX4IgKBeNp7Xroi7s4TbaGM9uw4YStOpmpTJNS2yHYO%2fngzlK5xLFA8dX41GLFZEq6m1tW8l1khj0nQ1ToFF3Vkw6v0H5KsRge8Ph15Z4sBL8marz%2foK1kR3RKSpQc8dG719rnXuldt3Euuldmrk1xBqUFMMket0XWldCLo4DLwHUx1vmyDybtVq9%2b4TYE0D0Sa5hHx6cfbFP%2fV7LLbHFD0BJCaUaVZoOxnzR7rXNZjq3azuRxMy7Qrmh3Ue%2bsC9JbH712ionu11DmoUW8B058g0h%2f%2bs0bzrdgCyuovFuTeYKtAQ%2fHakLbY94dRH6mk9LtPwTUmIgmIp8GZOO1g9X6TkChDydMeAQ%2bYZWyoxXOXZKhOQGjaNIk2w%3d%3d&amp;ev=2&amp;action=click&amp;impressionpid=b18d790e-e915-4981-b900-5e00207ab01c&amp;rn=1547526518&amp;hmguid=81cd635e-2ea0-4869-9e19-8845ea2945d6" } } -->
	<!-- ko if: $data.amendableOrder.allCallsAreSynchronized -->
		<!-- ko if: $data.amendableOrder.show --><!-- /ko -->

		<!-- ko ifnot: $data.amendableOrder.show -->

			
			<!-- ko if: $data.CTA.hasAvailableStatus && !!$data.CTA.text && !$data.viewGrocery -->
			<button class="button add-to-cart-btn limited-stock" data-bind="visible: $data.CTA.hasAvailableStatus, show: (!!$data.CTA.text), css: $data.CTA.status, attr: { 'data-click-tracking-url': $data.trackingUrl, 'data-click-beacon': $data.clickBeacon, 'aria-label': $data.CTA.status + ', ' + $data.CTA.text}" data-click-tracking-url="" data-click-beacon="//cat.criteo.com/beacon?fid=176&amp;amp;hl_qs=VjcOs%2fKKYi3k4XIgbJfVweyrZQMoVlfzDSwjTPQBm6LIpas8A3AyhFPe8iCr3tO0YRxLLuSoPHhiQPkZrAH1qr9zSZgvffEOVTTEtBeFZHeKzWmTPAuoEekid%2ffVb2xaz9jpOWxqay%2bUAfx3hkSsWZ5PczuqYjhdulRsGcA30USqivg7ScvR1VdkyHhaVkjYXwgxUuw1iJ4SCBMb02vYmejtxScXrhTAvsxx0jYmWcJrU0Sa%2f%2fgZl1wXue7mhOezvkymSASymFI9HK6LOiB2LES5U3RZod9SBKAfS1va2vPi8HRl1eHJR7GaXJkm8h4ghwZOuvF2wXs9x3x8Dbu2W17pTPl3fZrJ0v9XwLRSzkNQvvsX1FvKpMm3p%2bCSiVbrREl7XAuT6I4mBnfCSrN7kFESs7By16nyjeiof0TOxoSwkSlEdeVPGjl%2bVRm0wAlSbXXjo3qu6nU%2fuZatJgxy%2bShjPKm6m6xgvEIXN7E%2bmPUAVPiwcJQqpEIY6OXsio6Whdd9NvSoDP0g6rGyQYtGapEDkosL5tr%2fC%2fOrT4OGJx7DpWojcR6w%2f7H7cQWItP%2bB5asgS8%2fK%2b%2fh7JNEXU8kQSuImIXzaH8v7LiYbDfoXng1W7%2bikp6%2fO295HD3ADwS8QSeKoYGaZRGKLv2kiOJpug1v4%2fQaP8K%2bMXZtQLV4MyasZd5ockQz1ASqepf1pTO95C3y9zbHPc3G%2bwbm10MAC8KQD0KWkTDftZ5AqgmodRacol0arqrD9n1ICpQERsuJ1cHOCcnKRWlHDvt0sG6NYHAP7B2jQVJmVymHtUDXTZZ%2b7N9fyyXkzU%2bxNiwSK4ZMpTCZruKeoGftgNV7GL4zjF4CuL9kN8hZpo5ocNky0Izh6tBi7uL3yUxHz5iFJ5t3f4H0XYIogQJBWfcrQ7oMCUn0CA2DzJMbFCzep3Ucxurg76E%2fhzgCBaVclfqlJ9k%2fveOqX4p6SdJZuyJVuaqdFZjNvFuNehY3BXEBTR9ho2mzRJYCqVa7RK2dyf6dIXF9lZPVNVP55CYN3EtI8bJhAw2RG5vkXs9W1wNwbBI8ArshViDfqNZUEQmS4ChDK3hkvfLBqxYnvZ6A8sUJhWWpBMIk6v8XnIAAX4IgKBeNp7Xroi7s4TbaGM9uw4YStOpmpTJNS2yHYO%2fngzlK5xLFA8dX41GLFZEq6m1tW8l1khj0nQ1ToFF3Vkw6v0H5KsRge8Ph15Z4sBL8marz%2foK1kR3RKSpQc8dG719rnXuldt3Euuldmrk1xBqUFMMket0XWldCLo4DLwHUx1vmyDybtVq9%2b4TYE0D0Sa5hHx6cfbFP%2fV7LLbHFD0BJCaUaVZoOxnzR7rXNZjq3azuRxMy7Qrmh3Ue%2bsC9JbH712ionu11DmoUW8B058g0h%2f%2bs0bzrdgCyuovFuTeYKtAQ%2fHakLbY94dRH6mk9LtPwTUmIgmIp8GZOO1g9X6TkChDydMeAQ%2bYZWyoxXOXZKhOQGjaNIk2w%3d%3d&amp;amp;ev=2&amp;amp;action=click&amp;amp;impressionpid=b18d790e-e915-4981-b900-5e00207ab01c&amp;amp;rn=1547526518&amp;amp;hmguid=81cd635e-2ea0-4869-9e19-8845ea2945d6" aria-label="limited-stock, Add to cart">
				<span class="ribbon-arrow" data-bind="html: $data.CTA.ribbonText, show: $data.CTA.ribbon">Limited Stock</span>
				<span class="btn-txt" data-bind="text: $data.CTA.text">Add to cart</span>
				<span class="loading-icon"></span>
			</button>
			<!-- /ko -->

			
			<!-- ko if: !$data.CTA.hasAvailableStatus && !!$data.CTA.text --><!-- /ko -->

			
			<!-- ko if: !$data.CTA.hasAvailableStatus && !$data.CTA.text --><!--/ko-->

			
			<!-- ko if: $data.CTA.hasAvailableStatus && !!$data.CTA.text  && $data.viewGrocery --><!-- /ko -->

		<!-- /ko -->

		<input type="hidden" data-bind="attr: { 'data-analytics-status-online': $data.selectedVariant.availability().statusOnline.status }" data-analytics-status-online="Available">
		<input type="hidden" data-bind="attr: { 'data-analytics-status-store': $data.selectedVariant.availability().statusStore.status }" data-analytics-status-store="">

	<!-- /ko -->
<!-- /ko --> <div class="drop-down-list hide"> <button type="button" class="drop-down-button button-list"> <span class="loading-icon"></span> Add to list </button> </div> <div class="drop-down-button-container drop-down-registry hide"> <button type="button" class="drop-down-button button-list"> <span class="loading-icon"></span> Add to registry </button> </div> </div> <input type="hidden" class="numSkus" value="1"> <input type="hidden" class="primary_parent_id" value="6000195507612"> <input type="hidden" class="categoryID" value="6000195507612"> <input type="hidden" class="productRollupID" value="6000198581741"> <input type="hidden" class="productID" value="6000198581742"> <input type="hidden" class="productSkus" value="{&quot;productid&quot;:&quot;6000198581742&quot;,&quot;skus&quot;:[[{&quot;skuid&quot;:&quot;6000198581742&quot;,&quot;minOrderQuantity&quot;:1,&quot;status&quot;:&quot;&quot;,&quot;eligibility_type&quot;:&quot;&quot;,&quot;date&quot;:&quot;&quot;,&quot;mfgr_sugd_rtl_amt&quot;:&quot;&quot;,&quot;price_comparison_qty&quot;:&quot;&quot;,&quot;price_comparison_unit&quot;:&quot;GR&quot;}]]}"> <input type="hidden" class="productQueryData" value="{&quot;6000198581741&quot;:[{&quot;sku&quot;:&quot;6000198581742&quot;,&quot;upc&quot;:[]}]}"> <input type="hidden" class="offerID" data-bind="attr: { value: $data.offerId }" value="6000198581742"> <input type="hidden" class="minOrderQuantity" data-bind="attr: { value: $root.variantMinQuantity('6000198581742', '6000198581742') }" value="1"> <img src="//b.da.us.criteo.com/beacon?fid=176&amp;hl_qs=VjcOs%2fKKYi3k4XIgbJfVweyrZQMoVlfzDSwjTPQBm6LIpas8A3AyhFPe8iCr3tO0YRxLLuSoPHhiQPkZrAH1qr9zSZgvffEOVTTEtBeFZHeKzWmTPAuoEekid%2ffVb2xaz9jpOWxqay%2bUAfx3hkSsWZ5PczuqYjhdulRsGcA30USqivg7ScvR1VdkyHhaVkjYXwgxUuw1iJ4SCBMb02vYmejtxScXrhTAvsxx0jYmWcJrU0Sa%2f%2fgZl1wXue7mhOezvkymSASymFI9HK6LOiB2LES5U3RZod9SBKAfS1va2vNeikFH%2fUajMfTNazILo5vHKtv0ZDLNGLd0cZkslwLhADLCsdyRTRWl2aHDuQOwmb5KMAVdWlGi1SjmWO2FewG4nnUaPmisLWaU1jnFa1zvyFfi6LVdSmq%2fS6RLZ75TNXgBB4Q4Q849XXLQTL1IevwaEbeJJE2MvuaQXGgCkqMTuJ7mzza%2fwEl6EyQuJqbITx4PIim37NMj1kV0YS3s5jU6qGOIhfv6JJPh7LqbFuh41xMRrM2hMKf%2bszn7Y23CazPfN6i69vQy5fsaJ3J7qRFgihpA6FIxs38bFNEGGtMSJjJGSXYuRalUUtUOp2NU4%2fwcomLenS8aLwbU7ZGtbQBT6Vrmyn%2fcST%2bYGFwl5zBa8yWNUOnG703Lw7cbevht%2boRN3QlYqKGLYH6a0XDmIEG%2bcBOUXvJN9d0tq%2bayj6ZoNvhkEjqkAkImDOBrlzVbLRrQE4T78gI5b%2bBGNn9H25cVHadcj9XMpNWbyo2pAr1B7YPVUsvihXlBUCVtL886LuNXzhI27vob8PsVzksKcCYXOlPUhVrX8zCHJuEorKmlIR%2fx39ZH0wIR7XHdLnFMMPMW9bxZhCtb0XluwLRBxJ5mWcUjHAUbXWysDWlg5vn2hW1NPQdffRW4OxTk0QkDlpt1aLnmkb2e6vOtcH1jAr%2f97sYpAC%2fgFiTmXO1F2qhnAJq4n2KBcyD6K6MwBoHU%2fRou8bt3Dd0H39foRXudyJsZ7Rdg2rX8y99b7PiE%2bXdGO8J%2fp4u%2f7MSjz6dAm%2bg2zgGUrGTrTr2gFz5TzulcPlEcyIt1g5mUYRAugg6P5Q5eNsj3GO39JmM2MxH0p940cQ%2bqlmdINRY%2behnQ4k6hawvc3e8Scmj%2bcf%2fTX8csDgDMk8NrR7UrxVoebJXAHjzQipzKWR66jU8QakgdElurCKT5SNg8IxUiCV7j46yqRzMAsIXu1c%2fzA1o5sGUW5korK%2fcdF%2b636KqTXosIf15hcUH2VJLflH0mhHOs8YaItzc9L4lAllvFrZG%2b58tv9XneZ%2bGwOPP6nlI811g9rS14%2fcav2pBiKZqv0vuutxJnhNQkJAwVGI%2fwqQ6qYmEkZIzgqWbxTjyC1ED%2f0MI5uIF22lSrIyhaYGMuHNo8BjiphjHx7Q1JIbP4GbYEJN0TEHAg9UTKXxcgWF4uzKoctql16DyFFKiDlGWbqnXgSQeD5bqKd0029XShrFiHZt1KhanbHYYvlyrEVH6G15%2bmekK5uRioTvNdF%2b10oD%2fxaE3lYCd2L%2fx7DYWE7pyHspCR9lWyGiM%3d&amp;ev=2&amp;action=imp&amp;pageguid=08ecb0d5-ebd5-4064-b910-106f31c6c23c&amp;pid=b18d790e-e915-4981-b900-5e00207ab01c&amp;rn=646017635&amp;hmguid=81cd635e-2ea0-4869-9e19-8845ea2945d6" class="impression-beacon" width="1" height="1"> </article>     <article class="simplified-thumb product thumb-6000198824013 rightmost-visible-items" id="thumb-6000198824013" data-rollup-id="6000198824012" data-bind="with: selectedVariant('6000198824012')" style="float: left; list-style: none; position: relative; width: 178.25px; margin-right: 20px;"> <a class="product-link" data-bind="click: function() {$root.navigateToPip($data.availability().statusOnline.viewGroceryEligible &amp;&amp; $root.siteExperience() == 'gm', 'https:////cat.criteo.com/beacon?fid=176&amp;hl_qs=VjcOs%2fKKYi3k4XIgbJfVweyrZQMoVlfzDSwjTPQBm6I8croeS0spTNRIRV87p0fEf9Jgix7LgLryjRGav9pLBS%2fNT9Q04Vs0UvU1sKoeaTsXVLJBd6GU7ON%2fZ6CufxvUzORsVHWRnBNdcQjoBbFbU6hN8nNM9whA%2fg9Ij2LzcMvxq3UHu5%2fefNIbxKZnTx8cnTY5F9TKKM4imIgYPvVMY8UA%2bsI9DOQOzwzrREqv9p5l4Ne%2fzFdmhNqFqoFR1Ro4Epgz3VVGI1bMztFz4S%2fUnGzfCG5YpBgFmGh1SQwn1H4TcdeRXcq%2blVCetCCDBgb7jSQUpVRs6OGhYRK9DhEHNgHiCdAIFXzZZd0Gs9INvCB46Z0wjEe1IE8QofXyleCpWGm4ffWgsBpbfK7YIqsEiDNiHILA7Zo%2b6vrnIu%2bRcniZUvWfSzknHFdpEHFeCZ4ItpV2nSy6cEnMeBMctpmS14auTPv9bXX1azm6%2f1dP%2fBJhXvvaXC%2fg5y1KMopxYLBpuC%2fNBrmvEGJ2JICeL6pcTAZdXrhZDjlCOy%2f%2fe5Lk84wHmKwccT20qVh2dX2w7RTEtDjc5b%2f7eMHYEankluBrY%2f5ku4m0eaF9uBGwGoilBPpNCc9nMHuAAacgdgm5w%2fENjl0SaYPSg3dGzqwtMkhuKcyYO%2f6Mg3cprIg6mMCBONJIEuMjGboVyTbr%2fsFK2%2fEVMUmQw0Y4lUtLnQNUaRDyoexL%2flFYpHtrp%2bsJeHfz0Xch5PvP3mT7KBl5zYpcTMn9W5TsMychaL32mywD%2fx2savLRn51AmUNDeXGRqBvSnPLJmpr1ckKWZu0Jc%2fdFIb8bTPSp5FQmWbLLTd%2fNfkM9v%2bgfZl5LXDsUR5WJj6g%2bXWbUU6R6LBy2NRnFInFIepJOvtmm2lrIj3Tuues5eDfpu1aZaxD08cZv2OCZWJ0JogFqDpDk2poHNh%2btlejsydryeHSwFiFwqirsV65uzIymoqI54X8RZvI8lupy5StmY4wB9J4CniXzYkNp3CHRn2GIwoWMUxS3%2btsDCzdB%2bfUPGwt3R1cHtazIP%2beyq86Et%2bXl6Vit%2brcBvcesMbss0BrnmpvhBC83wvzCofEfurCxs4XTtdhfzeVVVQJC%2fTJm3XYmc3Q7ZMRU9EXaXt3v005X9es6SguiTClUqbXE8lcVsQGmNkg6Zk4wvRunqlvjC%2bVuIPbpw7gu379o69rASkRwQXFY817o61v7DBqOw%2bTnFoIDcdWSHFev3xevfxMDzFvzOjXZAMwovSxeC50IVn2SafKjKTSZkJe8mtwOz1%2bRS2Rz2%2f1iicrrhXXKaYo8N7iYLcgG%2b%2fBCmuX7fxM2No%2bng%2f%2f5ufk2EGg2GWW%2fyH%2fXd67IAd7T9lY2LcjRUYkvGUOJIikH%2fTkZYAEXe%2b8%2b28lRsGRL6GisvpOqEFj74cROQj6q7pH%2be0Dy4SjwxAs71y%2fWkZUHgyvOL8odK0AvTWNR0N9pbXoOgkcEpZo8JwrUeA%3d%3d&amp;ev=2&amp;action=click&amp;impressionpid=6f6fc09b-bd78-41e1-a0cd-d9e61078fa27&amp;rn=1517176479&amp;hmguid=81cd635e-2ea0-4869-9e19-8845ea2945d6&amp;dest=https://www.walmart.ca/en/ip/fairlife-chocolate-2-partly-skimmed-ultrafiltered-milk-lactose-free-15l/6000198824012')}, attr: {href: !($data.availability().statusOnline.viewGroceryEligible &amp;&amp; $root.siteExperience() == 'gm') ? 'https:////cat.criteo.com/beacon?fid=176&amp;hl_qs=VjcOs%2fKKYi3k4XIgbJfVweyrZQMoVlfzDSwjTPQBm6I8croeS0spTNRIRV87p0fEf9Jgix7LgLryjRGav9pLBS%2fNT9Q04Vs0UvU1sKoeaTsXVLJBd6GU7ON%2fZ6CufxvUzORsVHWRnBNdcQjoBbFbU6hN8nNM9whA%2fg9Ij2LzcMvxq3UHu5%2fefNIbxKZnTx8cnTY5F9TKKM4imIgYPvVMY8UA%2bsI9DOQOzwzrREqv9p5l4Ne%2fzFdmhNqFqoFR1Ro4Epgz3VVGI1bMztFz4S%2fUnGzfCG5YpBgFmGh1SQwn1H4TcdeRXcq%2blVCetCCDBgb7jSQUpVRs6OGhYRK9DhEHNgHiCdAIFXzZZd0Gs9INvCB46Z0wjEe1IE8QofXyleCpWGm4ffWgsBpbfK7YIqsEiDNiHILA7Zo%2b6vrnIu%2bRcniZUvWfSzknHFdpEHFeCZ4ItpV2nSy6cEnMeBMctpmS14auTPv9bXX1azm6%2f1dP%2fBJhXvvaXC%2fg5y1KMopxYLBpuC%2fNBrmvEGJ2JICeL6pcTAZdXrhZDjlCOy%2f%2fe5Lk84wHmKwccT20qVh2dX2w7RTEtDjc5b%2f7eMHYEankluBrY%2f5ku4m0eaF9uBGwGoilBPpNCc9nMHuAAacgdgm5w%2fENjl0SaYPSg3dGzqwtMkhuKcyYO%2f6Mg3cprIg6mMCBONJIEuMjGboVyTbr%2fsFK2%2fEVMUmQw0Y4lUtLnQNUaRDyoexL%2flFYpHtrp%2bsJeHfz0Xch5PvP3mT7KBl5zYpcTMn9W5TsMychaL32mywD%2fx2savLRn51AmUNDeXGRqBvSnPLJmpr1ckKWZu0Jc%2fdFIb8bTPSp5FQmWbLLTd%2fNfkM9v%2bgfZl5LXDsUR5WJj6g%2bXWbUU6R6LBy2NRnFInFIepJOvtmm2lrIj3Tuues5eDfpu1aZaxD08cZv2OCZWJ0JogFqDpDk2poHNh%2btlejsydryeHSwFiFwqirsV65uzIymoqI54X8RZvI8lupy5StmY4wB9J4CniXzYkNp3CHRn2GIwoWMUxS3%2btsDCzdB%2bfUPGwt3R1cHtazIP%2beyq86Et%2bXl6Vit%2brcBvcesMbss0BrnmpvhBC83wvzCofEfurCxs4XTtdhfzeVVVQJC%2fTJm3XYmc3Q7ZMRU9EXaXt3v005X9es6SguiTClUqbXE8lcVsQGmNkg6Zk4wvRunqlvjC%2bVuIPbpw7gu379o69rASkRwQXFY817o61v7DBqOw%2bTnFoIDcdWSHFev3xevfxMDzFvzOjXZAMwovSxeC50IVn2SafKjKTSZkJe8mtwOz1%2bRS2Rz2%2f1iicrrhXXKaYo8N7iYLcgG%2b%2fBCmuX7fxM2No%2bng%2f%2f5ufk2EGg2GWW%2fyH%2fXd67IAd7T9lY2LcjRUYkvGUOJIikH%2fTkZYAEXe%2b8%2b28lRsGRL6GisvpOqEFj74cROQj6q7pH%2be0Dy4SjwxAs71y%2fWkZUHgyvOL8odK0AvTWNR0N9pbXoOgkcEpZo8JwrUeA%3d%3d&amp;ev=2&amp;action=click&amp;impressionpid=6f6fc09b-bd78-41e1-a0cd-d9e61078fa27&amp;rn=1517176479&amp;hmguid=81cd635e-2ea0-4869-9e19-8845ea2945d6&amp;dest=https://www.walmart.ca/en/ip/fairlife-chocolate-2-partly-skimmed-ultrafiltered-milk-lactose-free-15l/6000198824012' : ''}" href="https:////cat.criteo.com/beacon?fid=176&amp;hl_qs=VjcOs%2fKKYi3k4XIgbJfVweyrZQMoVlfzDSwjTPQBm6I8croeS0spTNRIRV87p0fEf9Jgix7LgLryjRGav9pLBS%2fNT9Q04Vs0UvU1sKoeaTsXVLJBd6GU7ON%2fZ6CufxvUzORsVHWRnBNdcQjoBbFbU6hN8nNM9whA%2fg9Ij2LzcMvxq3UHu5%2fefNIbxKZnTx8cnTY5F9TKKM4imIgYPvVMY8UA%2bsI9DOQOzwzrREqv9p5l4Ne%2fzFdmhNqFqoFR1Ro4Epgz3VVGI1bMztFz4S%2fUnGzfCG5YpBgFmGh1SQwn1H4TcdeRXcq%2blVCetCCDBgb7jSQUpVRs6OGhYRK9DhEHNgHiCdAIFXzZZd0Gs9INvCB46Z0wjEe1IE8QofXyleCpWGm4ffWgsBpbfK7YIqsEiDNiHILA7Zo%2b6vrnIu%2bRcniZUvWfSzknHFdpEHFeCZ4ItpV2nSy6cEnMeBMctpmS14auTPv9bXX1azm6%2f1dP%2fBJhXvvaXC%2fg5y1KMopxYLBpuC%2fNBrmvEGJ2JICeL6pcTAZdXrhZDjlCOy%2f%2fe5Lk84wHmKwccT20qVh2dX2w7RTEtDjc5b%2f7eMHYEankluBrY%2f5ku4m0eaF9uBGwGoilBPpNCc9nMHuAAacgdgm5w%2fENjl0SaYPSg3dGzqwtMkhuKcyYO%2f6Mg3cprIg6mMCBONJIEuMjGboVyTbr%2fsFK2%2fEVMUmQw0Y4lUtLnQNUaRDyoexL%2flFYpHtrp%2bsJeHfz0Xch5PvP3mT7KBl5zYpcTMn9W5TsMychaL32mywD%2fx2savLRn51AmUNDeXGRqBvSnPLJmpr1ckKWZu0Jc%2fdFIb8bTPSp5FQmWbLLTd%2fNfkM9v%2bgfZl5LXDsUR5WJj6g%2bXWbUU6R6LBy2NRnFInFIepJOvtmm2lrIj3Tuues5eDfpu1aZaxD08cZv2OCZWJ0JogFqDpDk2poHNh%2btlejsydryeHSwFiFwqirsV65uzIymoqI54X8RZvI8lupy5StmY4wB9J4CniXzYkNp3CHRn2GIwoWMUxS3%2btsDCzdB%2bfUPGwt3R1cHtazIP%2beyq86Et%2bXl6Vit%2brcBvcesMbss0BrnmpvhBC83wvzCofEfurCxs4XTtdhfzeVVVQJC%2fTJm3XYmc3Q7ZMRU9EXaXt3v005X9es6SguiTClUqbXE8lcVsQGmNkg6Zk4wvRunqlvjC%2bVuIPbpw7gu379o69rASkRwQXFY817o61v7DBqOw%2bTnFoIDcdWSHFev3xevfxMDzFvzOjXZAMwovSxeC50IVn2SafKjKTSZkJe8mtwOz1%2bRS2Rz2%2f1iicrrhXXKaYo8N7iYLcgG%2b%2fBCmuX7fxM2No%2bng%2f%2f5ufk2EGg2GWW%2fyH%2fXd67IAd7T9lY2LcjRUYkvGUOJIikH%2fTkZYAEXe%2b8%2b28lRsGRL6GisvpOqEFj74cROQj6q7pH%2be0Dy4SjwxAs71y%2fWkZUHgyvOL8odK0AvTWNR0N9pbXoOgkcEpZo8JwrUeA%3d%3d&amp;ev=2&amp;action=click&amp;impressionpid=6f6fc09b-bd78-41e1-a0cd-d9e61078fa27&amp;rn=1517176479&amp;hmguid=81cd635e-2ea0-4869-9e19-8845ea2945d6&amp;dest=https://www.walmart.ca/en/ip/fairlife-chocolate-2-partly-skimmed-ultrafiltered-milk-lactose-free-15l/6000198824012"> <div class="badge-container"> <!-- ko template: { name: 'product-badges', if: !!$data.badgesAnalytics(), data: { badges: badges, badgesAnalytics: badgesAnalytics, screenReaderHidden : true } } --><!-- /ko --> <!-- ko ifnot: $data.badgesAnalytics() --> <span class="badge"></span> <!-- /ko --> </div> <div class="centered-img"> <div class="cmp-atc-thmb-wrp"> <span class="cmp-atc-thmb-state">✔</span><span class="cmp-atc-thmb-copy mobile-hide"></span> </div> <div class="centered-img-wrap"> <img alt="" class="image lazy-img" src="data:image/gif;base64,R0lGODlhAQABAIAAAAAAAP///yH5BAEAAAAALAAAAAABAAEAAAIBRAA7" data-original="//i5.walmartimages.ca/images/Thumbnails/952/297/6000198952297.jpg?odnBound=200" width="200" height="200"> </div> </div> <div class="product-details-container"> <div class="details"> <div class="title" aria-label="FAIRLIFE® Chocolate 2% Partly Skimmed Ultrafiltered Milk - Lactose free 1.5L."> <h2 class="thumb-header">FAIRLIFE® Chocolate 2% Partly Skimmed Ultrafiltered Milk - Lactose free 1.5L</h2> </div> <div class="fade"></div> </div> <!-- ko template: { name: 'product-badges', if: !!$data.badgesAnalytics(), data: { badges: badges, badgesAnalytics: badgesAnalytics, screenReaderHidden : false } } --><!-- /ko --> <div class="ratings"> <div class="stars rating-4_5" aria-label="This product is rated 4.5 stars out of 5 stars," data-bind="template: { name: 'star-ratings' }">
	 <i class="star"></i>  <i class="star"></i>  <i class="star"></i>  <i class="star"></i>  <i class="star"></i> 
</div> <span class="review-count" aria-label="based on 5 reviews.">5 Reviews</span> <div class="fade"></div> </div> <span class="all-price-sections"> <!-- ko ifnot: availability().pricing.mapPrice --> <div class="only-for-screen-reader" id="price">Price</div> <!-- ko if: $data.availability().pricing.curPrice > 0 && !$data.availability().pricing.ranged--> <div class="price-current" data-bind="component: { name: 'current-pricing', params: availability().pricing }"><div data-bind="possibleRangedCurrencyText: { data: price, simpleFormatting: simpleFormatting } "><sup>$</sup>4<span class="visually-hidden">.</span><sup>97</sup></div><div data-bind="template: {name: &quot;analytics-price-template&quot;, data: price, afterRender: $root.initVariableWeightPopup }">
	<span style="display:none;" data-analytics-type="product-price" class="product-price-analytics" data-analytics-value="4.97" data-bind="attr: { 'data-analytics-value': $data }">
	</span>
</div></div> <!-- /ko --> <!-- ko if: $data.availability().pricing.ranged --><!-- /ko --> <!-- ko ifnot: $data.availability().pricing.curPrice --><!-- /ko --> <!-- /ko --> <!-- ko if: availability().pricing.mapPrice --><!-- /ko --> <div class="pricing-spacer" data-bind="component: { name: 'was-pricing', params: availability().pricing }"><div class="price-was" data-bind="html: wasPriceDisplay"></div><div class="price-cover"></div><div class="price-cover-percent"></div><div class="price-unit" data-bind="template: {name: &quot;price-per-unit-tooltip-template&quot;, data: pricePerUnit, afterRender: $root.initPricingPopup }">
	<a class="popup-opener popup-align-left price-unit-tooltip" data-title-headline="" data-title="This is a unit of measurement to help you compare the value of this item. Please know, this is not the price of the item itself." data-bind="text: $data, attr:{'aria-label' : '. Price is measured as ' + $data}" aria-label=". Price is measured as $497/100ml">$497/100ml</a>
</div></div> </span> <div class="availability-messages"> <div class="availability-online available" data-bind="css: {available: (availability().status === 'Available') || (availability().status === 'AcceptingPreorder'), 'not-available': (availability().status === 'NotSold') || (availability().status === 'OutOfStock') || (availability().status === 'NotEligible')}"> <!-- ko if: $data.availability().status !== 'OutOfStock' && $data.availability().status !== 'Available' && $data.availability().status !== 'AcceptingPreorder'--><!-- /ko --> <!-- ko if: $data.availability().status === 'Available' || $data.availability().status === 'AcceptingPreorder'--> <span title="Available online">Available online</span> <!-- /ko --> <!-- ko if: $data.availability().status === 'OutOfStock'--><!-- /ko --> </div> <div class="availability-in-store available" title="Available in stores"> Available in stores </div> </div> </div> </a> <div class="CTA-container"> <!-- ko template: { name: 'a2c-or-next-order-button', data: { selectedVariant: $data, amendableOrder: $data.amendableOrder(), CTA: $data.CTA(), viewGrocery: $data.availability().statusOnline.viewGroceryEligible && $root.siteExperience() == "gm", detailUrl: "https:////cat.criteo.com/beacon?fid=176&amp;hl_qs=VjcOs%2fKKYi3k4XIgbJfVweyrZQMoVlfzDSwjTPQBm6I8croeS0spTNRIRV87p0fEf9Jgix7LgLryjRGav9pLBS%2fNT9Q04Vs0UvU1sKoeaTsXVLJBd6GU7ON%2fZ6CufxvUzORsVHWRnBNdcQjoBbFbU6hN8nNM9whA%2fg9Ij2LzcMvxq3UHu5%2fefNIbxKZnTx8cnTY5F9TKKM4imIgYPvVMY8UA%2bsI9DOQOzwzrREqv9p5l4Ne%2fzFdmhNqFqoFR1Ro4Epgz3VVGI1bMztFz4S%2fUnGzfCG5YpBgFmGh1SQwn1H4TcdeRXcq%2blVCetCCDBgb7jSQUpVRs6OGhYRK9DhEHNgHiCdAIFXzZZd0Gs9INvCB46Z0wjEe1IE8QofXyleCpWGm4ffWgsBpbfK7YIqsEiDNiHILA7Zo%2b6vrnIu%2bRcniZUvWfSzknHFdpEHFeCZ4ItpV2nSy6cEnMeBMctpmS14auTPv9bXX1azm6%2f1dP%2fBJhXvvaXC%2fg5y1KMopxYLBpuC%2fNBrmvEGJ2JICeL6pcTAZdXrhZDjlCOy%2f%2fe5Lk84wHmKwccT20qVh2dX2w7RTEtDjc5b%2f7eMHYEankluBrY%2f5ku4m0eaF9uBGwGoilBPpNCc9nMHuAAacgdgm5w%2fENjl0SaYPSg3dGzqwtMkhuKcyYO%2f6Mg3cprIg6mMCBONJIEuMjGboVyTbr%2fsFK2%2fEVMUmQw0Y4lUtLnQNUaRDyoexL%2flFYpHtrp%2bsJeHfz0Xch5PvP3mT7KBl5zYpcTMn9W5TsMychaL32mywD%2fx2savLRn51AmUNDeXGRqBvSnPLJmpr1ckKWZu0Jc%2fdFIb8bTPSp5FQmWbLLTd%2fNfkM9v%2bgfZl5LXDsUR5WJj6g%2bXWbUU6R6LBy2NRnFInFIepJOvtmm2lrIj3Tuues5eDfpu1aZaxD08cZv2OCZWJ0JogFqDpDk2poHNh%2btlejsydryeHSwFiFwqirsV65uzIymoqI54X8RZvI8lupy5StmY4wB9J4CniXzYkNp3CHRn2GIwoWMUxS3%2btsDCzdB%2bfUPGwt3R1cHtazIP%2beyq86Et%2bXl6Vit%2brcBvcesMbss0BrnmpvhBC83wvzCofEfurCxs4XTtdhfzeVVVQJC%2fTJm3XYmc3Q7ZMRU9EXaXt3v005X9es6SguiTClUqbXE8lcVsQGmNkg6Zk4wvRunqlvjC%2bVuIPbpw7gu379o69rASkRwQXFY817o61v7DBqOw%2bTnFoIDcdWSHFev3xevfxMDzFvzOjXZAMwovSxeC50IVn2SafKjKTSZkJe8mtwOz1%2bRS2Rz2%2f1iicrrhXXKaYo8N7iYLcgG%2b%2fBCmuX7fxM2No%2bng%2f%2f5ufk2EGg2GWW%2fyH%2fXd67IAd7T9lY2LcjRUYkvGUOJIikH%2fTkZYAEXe%2b8%2b28lRsGRL6GisvpOqEFj74cROQj6q7pH%2be0Dy4SjwxAs71y%2fWkZUHgyvOL8odK0AvTWNR0N9pbXoOgkcEpZo8JwrUeA%3d%3d&amp;ev=2&amp;action=click&amp;impressionpid=6f6fc09b-bd78-41e1-a0cd-d9e61078fa27&amp;rn=1517176479&amp;hmguid=81cd635e-2ea0-4869-9e19-8845ea2945d6&amp;dest=https://www.walmart.ca/en/ip/fairlife-chocolate-2-partly-skimmed-ultrafiltered-milk-lactose-free-15l/6000198824012", trackingUrl: "", clickBeacon: "//cat.criteo.com/beacon?fid=176&amp;hl_qs=VjcOs%2fKKYi3k4XIgbJfVweyrZQMoVlfzDSwjTPQBm6I8croeS0spTNRIRV87p0fEf9Jgix7LgLryjRGav9pLBS%2fNT9Q04Vs0UvU1sKoeaTsXVLJBd6GU7ON%2fZ6CufxvUzORsVHWRnBNdcQjoBbFbU6hN8nNM9whA%2fg9Ij2LzcMvxq3UHu5%2fefNIbxKZnTx8cnTY5F9TKKM4imIgYPvVMY8UA%2bsI9DOQOzwzrREqv9p5l4Ne%2fzFdmhNqFqoFR1Ro4Epgz3VVGI1bMztFz4S%2fUnGzfCG5YpBgFmGh1SQwn1H4TcdeRXcq%2blVCetCCDBgb7jSQUpVRs6OGhYRK9DhEHNgHiCdAIFXzZZd0Gs9INvCB46Z0wjEe1IE8QofXyleCpWGm4ffWgsBpbfK7YIqsEiDNiHILA7Zo%2b6vrnIu%2bRcniZUvWfSzknHFdpEHFeCZ4ItpV2nSy6cEnMeBMctpmS14auTPv9bXX1azm6%2f1dP%2fBJhXvvaXC%2fg5y1KMopxYLBpuC%2fNBrmvEGJ2JICeL6pcTAZdXrhZDjlCOy%2f%2fe5Lk84wHmKwccT20qVh2dX2w7RTEtDjc5b%2f7eMHYEankluBrY%2f5ku4m0eaF9uBGwGoilBPpNCc9nMHuAAacgdgm5w%2fENjl0SaYPSg3dGzqwtMkhuKcyYO%2f6Mg3cprIg6mMCBONJIEuMjGboVyTbr%2fsFK2%2fEV1%2fDXOJQoNR5mtwt4%2fpLwfYDK9N%2fJZbBf9Nq%2fatZSur7CrBciJuKOF8wLIqq7o3F1fg1mHa6p2bevT3JD9zqGK%2bbVRENs57Uv2so%2bHMqW8p%2fk3wJogfmNKkZPDYVExsaDGGaawmq1RSa6i3mhBoptgBWj30ymjWDuisbB9iA5eWOOrR6d47Y5XJ%2fw8jnvA4OjWsHd%2fzGuhuQPBaWrMqQDMlrtLzy%2bXgEDFShDvhvnl5O9E%2bTATtgUmwO%2fTDdpzjJk5yMM20TIFbjYIjkAMlXsjehIA3LHOI687GRY0TV%2fLaSwAS8bvPKJjIQlz6454rHNdHx8EL%2bS30uI2zeSvvCtJbTJ%2fQqWOADbMp8XWm8rg%2fpp0G8CZMap5DYqBghP%2fFz4eNkh1D2ExPSvn5pMF9dX5TEBeLjVv8iEH5GdMRZth6lI4QMYFIDrFzbxp0Hr1ouqcZ6FWqJ%2f7h4SSKaOVVGDoHWqDIz2wJJ3B1PrzujgqmEWZ123LVUeX4AEqOtbRg1%2faWpb1fF5MKlKG5nnq1FNu3nJBAF%2blqpu2JtQd%2bVt936EgL3ho821sAoZgi9BOwrlYIiG1YZua6C7DT63k%2buyX6m%2fnmXpFSzUEXwwhB3eREknI3qC9d2pIEbho281XBSMA6I5%2bAJWRupOf8O601aPQ4UwQ9yT0vlaRZXwr1zy5tRqt2RqhSTQL6vq%2bGJ0qUbuj18i4klN%2bYoqx%2fUP%2baCFEM%2b%2bQho4vYZChpU2SxCYjGjml%2fCFVo7g8KBjgTxIm4fhAkaezrbLJystrvfdPwcJGA%3d%3d&amp;ev=2&amp;action=click&amp;impressionpid=6f6fc09b-bd78-41e1-a0cd-d9e61078fa27&amp;rn=1364580019&amp;hmguid=81cd635e-2ea0-4869-9e19-8845ea2945d6" } } -->
	<!-- ko if: $data.amendableOrder.allCallsAreSynchronized -->
		<!-- ko if: $data.amendableOrder.show --><!-- /ko -->

		<!-- ko ifnot: $data.amendableOrder.show -->

			
			<!-- ko if: $data.CTA.hasAvailableStatus && !!$data.CTA.text && !$data.viewGrocery -->
			<button class="button add-to-cart-btn limited-stock" data-bind="visible: $data.CTA.hasAvailableStatus, show: (!!$data.CTA.text), css: $data.CTA.status, attr: { 'data-click-tracking-url': $data.trackingUrl, 'data-click-beacon': $data.clickBeacon, 'aria-label': $data.CTA.status + ', ' + $data.CTA.text}" data-click-tracking-url="" data-click-beacon="//cat.criteo.com/beacon?fid=176&amp;amp;hl_qs=VjcOs%2fKKYi3k4XIgbJfVweyrZQMoVlfzDSwjTPQBm6I8croeS0spTNRIRV87p0fEf9Jgix7LgLryjRGav9pLBS%2fNT9Q04Vs0UvU1sKoeaTsXVLJBd6GU7ON%2fZ6CufxvUzORsVHWRnBNdcQjoBbFbU6hN8nNM9whA%2fg9Ij2LzcMvxq3UHu5%2fefNIbxKZnTx8cnTY5F9TKKM4imIgYPvVMY8UA%2bsI9DOQOzwzrREqv9p5l4Ne%2fzFdmhNqFqoFR1Ro4Epgz3VVGI1bMztFz4S%2fUnGzfCG5YpBgFmGh1SQwn1H4TcdeRXcq%2blVCetCCDBgb7jSQUpVRs6OGhYRK9DhEHNgHiCdAIFXzZZd0Gs9INvCB46Z0wjEe1IE8QofXyleCpWGm4ffWgsBpbfK7YIqsEiDNiHILA7Zo%2b6vrnIu%2bRcniZUvWfSzknHFdpEHFeCZ4ItpV2nSy6cEnMeBMctpmS14auTPv9bXX1azm6%2f1dP%2fBJhXvvaXC%2fg5y1KMopxYLBpuC%2fNBrmvEGJ2JICeL6pcTAZdXrhZDjlCOy%2f%2fe5Lk84wHmKwccT20qVh2dX2w7RTEtDjc5b%2f7eMHYEankluBrY%2f5ku4m0eaF9uBGwGoilBPpNCc9nMHuAAacgdgm5w%2fENjl0SaYPSg3dGzqwtMkhuKcyYO%2f6Mg3cprIg6mMCBONJIEuMjGboVyTbr%2fsFK2%2fEV1%2fDXOJQoNR5mtwt4%2fpLwfYDK9N%2fJZbBf9Nq%2fatZSur7CrBciJuKOF8wLIqq7o3F1fg1mHa6p2bevT3JD9zqGK%2bbVRENs57Uv2so%2bHMqW8p%2fk3wJogfmNKkZPDYVExsaDGGaawmq1RSa6i3mhBoptgBWj30ymjWDuisbB9iA5eWOOrR6d47Y5XJ%2fw8jnvA4OjWsHd%2fzGuhuQPBaWrMqQDMlrtLzy%2bXgEDFShDvhvnl5O9E%2bTATtgUmwO%2fTDdpzjJk5yMM20TIFbjYIjkAMlXsjehIA3LHOI687GRY0TV%2fLaSwAS8bvPKJjIQlz6454rHNdHx8EL%2bS30uI2zeSvvCtJbTJ%2fQqWOADbMp8XWm8rg%2fpp0G8CZMap5DYqBghP%2fFz4eNkh1D2ExPSvn5pMF9dX5TEBeLjVv8iEH5GdMRZth6lI4QMYFIDrFzbxp0Hr1ouqcZ6FWqJ%2f7h4SSKaOVVGDoHWqDIz2wJJ3B1PrzujgqmEWZ123LVUeX4AEqOtbRg1%2faWpb1fF5MKlKG5nnq1FNu3nJBAF%2blqpu2JtQd%2bVt936EgL3ho821sAoZgi9BOwrlYIiG1YZua6C7DT63k%2buyX6m%2fnmXpFSzUEXwwhB3eREknI3qC9d2pIEbho281XBSMA6I5%2bAJWRupOf8O601aPQ4UwQ9yT0vlaRZXwr1zy5tRqt2RqhSTQL6vq%2bGJ0qUbuj18i4klN%2bYoqx%2fUP%2baCFEM%2b%2bQho4vYZChpU2SxCYjGjml%2fCFVo7g8KBjgTxIm4fhAkaezrbLJystrvfdPwcJGA%3d%3d&amp;amp;ev=2&amp;amp;action=click&amp;amp;impressionpid=6f6fc09b-bd78-41e1-a0cd-d9e61078fa27&amp;amp;rn=1364580019&amp;amp;hmguid=81cd635e-2ea0-4869-9e19-8845ea2945d6" aria-label="limited-stock, Add to cart">
				<span class="ribbon-arrow" data-bind="html: $data.CTA.ribbonText, show: $data.CTA.ribbon">Limited Stock</span>
				<span class="btn-txt" data-bind="text: $data.CTA.text">Add to cart</span>
				<span class="loading-icon"></span>
			</button>
			<!-- /ko -->

			
			<!-- ko if: !$data.CTA.hasAvailableStatus && !!$data.CTA.text --><!-- /ko -->

			
			<!-- ko if: !$data.CTA.hasAvailableStatus && !$data.CTA.text --><!--/ko-->

			
			<!-- ko if: $data.CTA.hasAvailableStatus && !!$data.CTA.text  && $data.viewGrocery --><!-- /ko -->

		<!-- /ko -->

		<input type="hidden" data-bind="attr: { 'data-analytics-status-online': $data.selectedVariant.availability().statusOnline.status }" data-analytics-status-online="Available">
		<input type="hidden" data-bind="attr: { 'data-analytics-status-store': $data.selectedVariant.availability().statusStore.status }" data-analytics-status-store="">

	<!-- /ko -->
<!-- /ko --> <div class="drop-down-list hide"> <button type="button" class="drop-down-button button-list"> <span class="loading-icon"></span> Add to list </button> </div> <div class="drop-down-button-container drop-down-registry hide"> <button type="button" class="drop-down-button button-list"> <span class="loading-icon"></span> Add to registry </button> </div> </div> <input type="hidden" class="numSkus" value="1"> <input type="hidden" class="primary_parent_id" value="6000194349384"> <input type="hidden" class="categoryID" value="6000194349384"> <input type="hidden" class="productRollupID" value="6000198824012"> <input type="hidden" class="productID" value="6000198824013"> <input type="hidden" class="productSkus" value="{&quot;productid&quot;:&quot;6000198824013&quot;,&quot;skus&quot;:[[{&quot;skuid&quot;:&quot;6000198824013&quot;,&quot;minOrderQuantity&quot;:1,&quot;status&quot;:&quot;&quot;,&quot;eligibility_type&quot;:&quot;&quot;,&quot;date&quot;:&quot;&quot;,&quot;mfgr_sugd_rtl_amt&quot;:&quot;&quot;,&quot;price_comparison_qty&quot;:&quot;&quot;,&quot;price_comparison_unit&quot;:&quot;&quot;}]]}"> <input type="hidden" class="productQueryData" value="{&quot;6000198824012&quot;:[{&quot;sku&quot;:&quot;6000198824013&quot;,&quot;upc&quot;:[]}]}"> <input type="hidden" class="offerID" data-bind="attr: { value: $data.offerId }" value="6000198824013"> <input type="hidden" class="minOrderQuantity" data-bind="attr: { value: $root.variantMinQuantity('6000198824013', '6000198824013') }" value="1"> <img src="//b.da.us.criteo.com/beacon?fid=176&amp;hl_qs=VjcOs%2fKKYi3k4XIgbJfVweyrZQMoVlfzDSwjTPQBm6I8croeS0spTNRIRV87p0fEf9Jgix7LgLryjRGav9pLBS%2fNT9Q04Vs0UvU1sKoeaTsXVLJBd6GU7ON%2fZ6CufxvUzORsVHWRnBNdcQjoBbFbU6hN8nNM9whA%2fg9Ij2LzcMvxq3UHu5%2fefNIbxKZnTx8cnTY5F9TKKM4imIgYPvVMY8UA%2bsI9DOQOzwzrREqv9p5l4Ne%2fzFdmhNqFqoFR1Ro4Epgz3VVGI1bMztFz4S%2fUnGzfCG5YpBgFmGh1SQwn1H5ktU8AfD%2fdUgP7Ptk0Yj1IRH9xwjQ3Cr4LWm89HnWYXxEk52gNL6zmBXI7tqcjJnuKGBTVF4H%2bTKiYDMFXGvji8FKJuOXcs%2bx0rfPyR8T02YApxujQLZ%2f%2fJ3JhuGwlqVUuy%2bR9ypSpLDsZk6ALb4RJem4B9b3nUj7Vz2nA9GMP2BBSM%2frrmzxDFMd%2fxZoL8FieJw%2bT4HRt5b5Sn6%2f0CYUUaXZ%2fJwhmCPwCd2ArqAQbYUZbJymILl14a1ffepQO%2fy1sg5muA8H%2fJcd6utXap1d4gAJL%2fFiuYNv6X1gBFZl87ZQ6DuCHqMm11zOs7YZ7%2f5%2b0i%2f8%2fjbY7%2f9dRbQS4Vj9vTJjfxqunrJRei92wS%2fyMXlhCdI22oEmFF53A%2fkjPbt46ZfGFr5rVEaCKl4cQZopzb%2bP0hbAfXGv6XTZ2%2bkzGFxJ%2f%2bX5wo%2bOAabANTnA8IsJ7vQo6%2fdudGpvo3sz6aMgOr646grUoXSLJ3237aIaJJPKV7CASfZcpnHE9SWUW4A4UblPu3r6b%2bYpbaGaA%2bG%2bo4fc2FizEH4YcG1q%2fSLXxwUhl%2fYdRhH4RflA%2bd2kgLhbFfZxLOoAYaBUePCyb3YicO%2bCXtwUoHWjSITmlqI6s%2fAziHvj99FHeryliv6DzwEwnep8xjvi1oHlveV1g0V8TBqZr1VJzeCs1BzrhWCIwuPV%2fgynT%2f2jn9BVbjYpZBzwiAhPyMoU5veXmEg%2bqsO4qFvLuSnITHqOXITOENzBDuqj4%2bxVRHZS8XDe6dRu5dSN77bebJkmSoVZYIHS09GDj4SmA8lktoHtP8uEgutbEb%2brrcrju%2fRH%2bPcCiD0koMLqomMgsislKywah6wVF%2btMtOi7lXX9xFCv344nSBeIxWwhkK47D2E%2bm2M36WiU9eQPn5lGvqfpDWx4nO80ejoaC%2bz7UA49K4IJ6ZG4quD3VZvLAeoe893yYyO3nxKxYEBD8y3UYQqxFnVmipGve2ZkRSlOUMBcNm6R2zPzCNN3%2bVci%2fB6RzNIUwRaztVcbi3Y2NivNRvYmHFcuwdaLBCp8yX2%2fYGIrgl9BrJv2GOkerAKkjcymcSyG4LPwTKOr8nSZh6bVObFCO%2bUihPRC2WQzdC5r1LdDgOJDvFQWTAZ0LDty1OReJsJGwfv0Dz2sHa9DfxBFzxlrsjG4UWIG9uHoXHrXeoV7sXJhQxPQ%2fNtXxaHiK0a9Vw9nTTESPfUVGgqrFQaVYVgHgbnTAm0r8lbLZZJv1t65CPROViD1g8nF17w%3d%3d&amp;ev=2&amp;action=imp&amp;pageguid=08ecb0d5-ebd5-4064-b910-106f31c6c23c&amp;pid=6f6fc09b-bd78-41e1-a0cd-d9e61078fa27&amp;rn=1846132321&amp;hmguid=81cd635e-2ea0-4869-9e19-8845ea2945d6" class="impression-beacon" width="1" height="1"> </article>     <article class="simplified-thumb product thumb-10221381" id="thumb-10221381" data-rollup-id="6000100601594" data-bind="with: selectedVariant('6000100601594')" style="float: left; list-style: none; position: relative; width: 178.25px; margin-right: 20px;"> <a class="product-link" data-bind="click: function() {$root.navigateToPip($data.availability().statusOnline.viewGroceryEligible &amp;&amp; $root.siteExperience() == 'gm', 'https:////cat.criteo.com/beacon?fid=176&amp;hl_qs=VjcOs%2fKKYi3k4XIgbJfVweyrZQMoVlfzDSwjTPQBm6LIpas8A3AyhFPe8iCr3tO0YRxLLuSoPHhiQPkZrAH1quic52H4%2fSNN4Kowbu96ByaPsOGFP3S5Yrmeo1anbIT8%2brhpXsg8gkfB4C8WntF55%2bZ6jU5y%2b0T1mFTdEb0ebgT%2fcgn%2fHpu8gDSwSn%2f5%2faDtie41cMb1TcTBhgLLD0s3ZXfv7vnxgMakf%2fkaiFixKpgrdM2EbUaWETfL995F1Gg3aM%2fXl5OSMoEQt1JulVJ97fHLR0dFXJGwkp3zjYiSCoG1E3pisLOhUJMK7%2fzrAWCUnFsWa8GaO1HjT14wdYP8oyJkOcxDrb4u0CAlFcJ8YHRslRrXEpVow2rLrz6D6GSADFl%2fZ04ubtNuFRI4KnPPceOwT1mKGtXBp84%2f9HeCJ890GXAMfx%2bLshiaEqbuZ%2bpI0kHg976GxnWzTRkiWgHlRtoQ3oRUoNr4khXbG%2bgbzfi%2f7EC4QAhRd5gvEbhCX0gaT%2bVryxvRq9L4BASR0dSZI6RXymLWtIWQJBVqaAAPg4nNjsf9CWV4VUnjcXxEQT43tfp9uXQNb6y66GaFK%2bWCvmdkWt46nqDEjWD3PeuaU96FBbd4dCx8tkH1VxqnKzBXuWJTrPI8dHY01fSML%2ftTgWOzhTdEuo%2ff5y5SqpRaB7TzyQ21fVRSNmvcGsFtDHAElzwqjN1ejpV41MJzligvYTJCZ7jO8jHlQiC8%2bBo5fOOXYOr8qmWrupu9Hu%2fKzsAHdkNPbQvdifNMn87lrTOsYrL08a3%2fretTjwpFfoGd8RKf%2fioVKmSOIfu9WVqZaWITa2uv0h1dCBIvVnnzn9qzdK4x9sOnm%2b4%2b%2fbqTOglkA9HzIfDb7bi5n3h0P%2f7KmzLK4mkns9Tb%2ftuRVxxOLj005Szd2pfMj9wylICkQHNsg5Vgkn8JxPs8rt5ZEZsnneKkwwcr8cbFks4yRO3XwBhu3ZHCOUIddfzmAOes%2bScTpORzHE9LhfLhdP7MpQICmhcw50NU6Zz0pFM7ULP0CZ%2bK2AFSWKiHskdomN3FBQKbyXPXFP5T8QG0qiNAahdhcNSX5liajD8askVB7nUPcBT%2fkiqQEtlcw9nW2Rn1wQ%2fsgkQ0c%2fvlOqWQ9b86sx6H881u4eKk9nB5i5AYhjxoLPZidED3humYiyjIulT%2fJJKcmu6wykIk9IdIK5sEgeVph1eQK33Ed%2fQYZEkoESZD%2b%2f3nq9LnXyPsxdMiwLEoLNEbUZvAjyGQtgIRJXlhGjIZChit1QW%2f5CQs%2frvKvnombWoYruV5f2vmTv5TvSZSUN3E9xzEv9wHNqWHKewgjIRR8DPhMXrphkSZ1UtoFhi2c0l3wiH7%2fNqfTec2HFOmuYACQFkLEaSj8YFFz9u2DGo0EjAG7%2fmvZOavUR8gDwBhkUIs1HOkyjf%2fPbi0181vc30dWKr8%2fZ%2bRyhIkMtW%2fywfd7mQ3qBJU1ae8PITku1IgQmJuXg%3d%3d&amp;ev=2&amp;action=click&amp;impressionpid=96452f17-0ce5-4f8e-a1e6-3146b33ef856&amp;rn=882692779&amp;hmguid=81cd635e-2ea0-4869-9e19-8845ea2945d6&amp;dest=https://www.walmart.ca/en/ip/activia-yogurt-with-probiotics-strawberryblueberryraspberrypeach-flavour-100g-pack-of-12/6000100601594')}, attr: {href: !($data.availability().statusOnline.viewGroceryEligible &amp;&amp; $root.siteExperience() == 'gm') ? 'https:////cat.criteo.com/beacon?fid=176&amp;hl_qs=VjcOs%2fKKYi3k4XIgbJfVweyrZQMoVlfzDSwjTPQBm6LIpas8A3AyhFPe8iCr3tO0YRxLLuSoPHhiQPkZrAH1quic52H4%2fSNN4Kowbu96ByaPsOGFP3S5Yrmeo1anbIT8%2brhpXsg8gkfB4C8WntF55%2bZ6jU5y%2b0T1mFTdEb0ebgT%2fcgn%2fHpu8gDSwSn%2f5%2faDtie41cMb1TcTBhgLLD0s3ZXfv7vnxgMakf%2fkaiFixKpgrdM2EbUaWETfL995F1Gg3aM%2fXl5OSMoEQt1JulVJ97fHLR0dFXJGwkp3zjYiSCoG1E3pisLOhUJMK7%2fzrAWCUnFsWa8GaO1HjT14wdYP8oyJkOcxDrb4u0CAlFcJ8YHRslRrXEpVow2rLrz6D6GSADFl%2fZ04ubtNuFRI4KnPPceOwT1mKGtXBp84%2f9HeCJ890GXAMfx%2bLshiaEqbuZ%2bpI0kHg976GxnWzTRkiWgHlRtoQ3oRUoNr4khXbG%2bgbzfi%2f7EC4QAhRd5gvEbhCX0gaT%2bVryxvRq9L4BASR0dSZI6RXymLWtIWQJBVqaAAPg4nNjsf9CWV4VUnjcXxEQT43tfp9uXQNb6y66GaFK%2bWCvmdkWt46nqDEjWD3PeuaU96FBbd4dCx8tkH1VxqnKzBXuWJTrPI8dHY01fSML%2ftTgWOzhTdEuo%2ff5y5SqpRaB7TzyQ21fVRSNmvcGsFtDHAElzwqjN1ejpV41MJzligvYTJCZ7jO8jHlQiC8%2bBo5fOOXYOr8qmWrupu9Hu%2fKzsAHdkNPbQvdifNMn87lrTOsYrL08a3%2fretTjwpFfoGd8RKf%2fioVKmSOIfu9WVqZaWITa2uv0h1dCBIvVnnzn9qzdK4x9sOnm%2b4%2b%2fbqTOglkA9HzIfDb7bi5n3h0P%2f7KmzLK4mkns9Tb%2ftuRVxxOLj005Szd2pfMj9wylICkQHNsg5Vgkn8JxPs8rt5ZEZsnneKkwwcr8cbFks4yRO3XwBhu3ZHCOUIddfzmAOes%2bScTpORzHE9LhfLhdP7MpQICmhcw50NU6Zz0pFM7ULP0CZ%2bK2AFSWKiHskdomN3FBQKbyXPXFP5T8QG0qiNAahdhcNSX5liajD8askVB7nUPcBT%2fkiqQEtlcw9nW2Rn1wQ%2fsgkQ0c%2fvlOqWQ9b86sx6H881u4eKk9nB5i5AYhjxoLPZidED3humYiyjIulT%2fJJKcmu6wykIk9IdIK5sEgeVph1eQK33Ed%2fQYZEkoESZD%2b%2f3nq9LnXyPsxdMiwLEoLNEbUZvAjyGQtgIRJXlhGjIZChit1QW%2f5CQs%2frvKvnombWoYruV5f2vmTv5TvSZSUN3E9xzEv9wHNqWHKewgjIRR8DPhMXrphkSZ1UtoFhi2c0l3wiH7%2fNqfTec2HFOmuYACQFkLEaSj8YFFz9u2DGo0EjAG7%2fmvZOavUR8gDwBhkUIs1HOkyjf%2fPbi0181vc30dWKr8%2fZ%2bRyhIkMtW%2fywfd7mQ3qBJU1ae8PITku1IgQmJuXg%3d%3d&amp;ev=2&amp;action=click&amp;impressionpid=96452f17-0ce5-4f8e-a1e6-3146b33ef856&amp;rn=882692779&amp;hmguid=81cd635e-2ea0-4869-9e19-8845ea2945d6&amp;dest=https://www.walmart.ca/en/ip/activia-yogurt-with-probiotics-strawberryblueberryraspberrypeach-flavour-100g-pack-of-12/6000100601594' : ''}" href="https:////cat.criteo.com/beacon?fid=176&amp;hl_qs=VjcOs%2fKKYi3k4XIgbJfVweyrZQMoVlfzDSwjTPQBm6LIpas8A3AyhFPe8iCr3tO0YRxLLuSoPHhiQPkZrAH1quic52H4%2fSNN4Kowbu96ByaPsOGFP3S5Yrmeo1anbIT8%2brhpXsg8gkfB4C8WntF55%2bZ6jU5y%2b0T1mFTdEb0ebgT%2fcgn%2fHpu8gDSwSn%2f5%2faDtie41cMb1TcTBhgLLD0s3ZXfv7vnxgMakf%2fkaiFixKpgrdM2EbUaWETfL995F1Gg3aM%2fXl5OSMoEQt1JulVJ97fHLR0dFXJGwkp3zjYiSCoG1E3pisLOhUJMK7%2fzrAWCUnFsWa8GaO1HjT14wdYP8oyJkOcxDrb4u0CAlFcJ8YHRslRrXEpVow2rLrz6D6GSADFl%2fZ04ubtNuFRI4KnPPceOwT1mKGtXBp84%2f9HeCJ890GXAMfx%2bLshiaEqbuZ%2bpI0kHg976GxnWzTRkiWgHlRtoQ3oRUoNr4khXbG%2bgbzfi%2f7EC4QAhRd5gvEbhCX0gaT%2bVryxvRq9L4BASR0dSZI6RXymLWtIWQJBVqaAAPg4nNjsf9CWV4VUnjcXxEQT43tfp9uXQNb6y66GaFK%2bWCvmdkWt46nqDEjWD3PeuaU96FBbd4dCx8tkH1VxqnKzBXuWJTrPI8dHY01fSML%2ftTgWOzhTdEuo%2ff5y5SqpRaB7TzyQ21fVRSNmvcGsFtDHAElzwqjN1ejpV41MJzligvYTJCZ7jO8jHlQiC8%2bBo5fOOXYOr8qmWrupu9Hu%2fKzsAHdkNPbQvdifNMn87lrTOsYrL08a3%2fretTjwpFfoGd8RKf%2fioVKmSOIfu9WVqZaWITa2uv0h1dCBIvVnnzn9qzdK4x9sOnm%2b4%2b%2fbqTOglkA9HzIfDb7bi5n3h0P%2f7KmzLK4mkns9Tb%2ftuRVxxOLj005Szd2pfMj9wylICkQHNsg5Vgkn8JxPs8rt5ZEZsnneKkwwcr8cbFks4yRO3XwBhu3ZHCOUIddfzmAOes%2bScTpORzHE9LhfLhdP7MpQICmhcw50NU6Zz0pFM7ULP0CZ%2bK2AFSWKiHskdomN3FBQKbyXPXFP5T8QG0qiNAahdhcNSX5liajD8askVB7nUPcBT%2fkiqQEtlcw9nW2Rn1wQ%2fsgkQ0c%2fvlOqWQ9b86sx6H881u4eKk9nB5i5AYhjxoLPZidED3humYiyjIulT%2fJJKcmu6wykIk9IdIK5sEgeVph1eQK33Ed%2fQYZEkoESZD%2b%2f3nq9LnXyPsxdMiwLEoLNEbUZvAjyGQtgIRJXlhGjIZChit1QW%2f5CQs%2frvKvnombWoYruV5f2vmTv5TvSZSUN3E9xzEv9wHNqWHKewgjIRR8DPhMXrphkSZ1UtoFhi2c0l3wiH7%2fNqfTec2HFOmuYACQFkLEaSj8YFFz9u2DGo0EjAG7%2fmvZOavUR8gDwBhkUIs1HOkyjf%2fPbi0181vc30dWKr8%2fZ%2bRyhIkMtW%2fywfd7mQ3qBJU1ae8PITku1IgQmJuXg%3d%3d&amp;ev=2&amp;action=click&amp;impressionpid=96452f17-0ce5-4f8e-a1e6-3146b33ef856&amp;rn=882692779&amp;hmguid=81cd635e-2ea0-4869-9e19-8845ea2945d6&amp;dest=https://www.walmart.ca/en/ip/activia-yogurt-with-probiotics-strawberryblueberryraspberrypeach-flavour-100g-pack-of-12/6000100601594"> <div class="badge-container"> <!-- ko template: { name: 'product-badges', if: !!$data.badgesAnalytics(), data: { badges: badges, badgesAnalytics: badgesAnalytics, screenReaderHidden : true } } --><!-- /ko --> <!-- ko ifnot: $data.badgesAnalytics() --> <span class="badge"></span> <!-- /ko --> </div> <div class="centered-img"> <div class="cmp-atc-thmb-wrp"> <span class="cmp-atc-thmb-state">✔</span><span class="cmp-atc-thmb-copy mobile-hide"></span> </div> <div class="centered-img-wrap"> <img alt="" class="image lazy-img" src="data:image/gif;base64,R0lGODlhAQABAIAAAAAAAP///yH5BAEAAAAALAAAAAABAAEAAAIBRAA7" data-original="//i5.walmartimages.ca/images/Thumbnails/470/928/6000197470928.jpg?odnBound=200" width="200" height="200"> </div> </div> <div class="product-details-container"> <div class="details"> <div class="title" aria-label="Activia Yogurt with Probiotics, Strawberry/Blueberry/Raspberry/Peach Flavour, 100g (Pack of 12)."> <h2 class="thumb-header">Activia Yogurt with Probiotics, Strawberry/Blueberry/Raspberry/Peach Flavour, 100g (Pack of 12)</h2> </div> <div class="fade"></div> </div> <!-- ko template: { name: 'product-badges', if: !!$data.badgesAnalytics(), data: { badges: badges, badgesAnalytics: badgesAnalytics, screenReaderHidden : false } } --><!-- /ko --> <div class="ratings"> <div class="stars rating-4_0" aria-label="This product is rated 4 stars out of 5 stars," data-bind="template: { name: 'star-ratings' }">
	 <i class="star"></i>  <i class="star"></i>  <i class="star"></i>  <i class="star"></i>  <i class="star"></i> 
</div> <span class="review-count" aria-label="based on 4 reviews.">4 Reviews</span> <div class="fade"></div> </div> <span class="all-price-sections"> <!-- ko ifnot: availability().pricing.mapPrice --> <div class="only-for-screen-reader" id="price">Price</div> <!-- ko if: $data.availability().pricing.curPrice > 0 && !$data.availability().pricing.ranged--> <div class="price-current" data-bind="component: { name: 'current-pricing', params: availability().pricing }"><div data-bind="possibleRangedCurrencyText: { data: price, simpleFormatting: simpleFormatting } "><sup>$</sup>4<span class="visually-hidden">.</span><sup>97</sup></div><div data-bind="template: {name: &quot;analytics-price-template&quot;, data: price, afterRender: $root.initVariableWeightPopup }">
	<span style="display:none;" data-analytics-type="product-price" class="product-price-analytics" data-analytics-value="4.97" data-bind="attr: { 'data-analytics-value': $data }">
	</span>
</div></div> <!-- /ko --> <!-- ko if: $data.availability().pricing.ranged --><!-- /ko --> <!-- ko ifnot: $data.availability().pricing.curPrice --><!-- /ko --> <!-- /ko --> <!-- ko if: availability().pricing.mapPrice --><!-- /ko --> <div class="pricing-spacer" data-bind="component: { name: 'was-pricing', params: availability().pricing }"><div class="price-was" data-bind="html: wasPriceDisplay">Was <span><span>$</span>5.97</span></div><div class="price-cover"></div><div class="price-cover-percent"></div><div class="price-unit" data-bind="template: {name: &quot;price-per-unit-tooltip-template&quot;, data: pricePerUnit, afterRender: $root.initPricingPopup }">
	<a class="popup-opener popup-align-left price-unit-tooltip" data-title-headline="" data-title="This is a unit of measurement to help you compare the value of this item. Please know, this is not the price of the item itself." data-bind="text: $data, attr:{'aria-label' : '. Price is measured as ' + $data}" aria-label=". Price is measured as 41¢/100g">41¢/100g</a>
</div></div> </span> <div class="availability-messages"> <div class="availability-online available" data-bind="css: {available: (availability().status === 'Available') || (availability().status === 'AcceptingPreorder'), 'not-available': (availability().status === 'NotSold') || (availability().status === 'OutOfStock') || (availability().status === 'NotEligible')}"> <!-- ko if: $data.availability().status !== 'OutOfStock' && $data.availability().status !== 'Available' && $data.availability().status !== 'AcceptingPreorder'--><!-- /ko --> <!-- ko if: $data.availability().status === 'Available' || $data.availability().status === 'AcceptingPreorder'--> <span title="Available online">Available online</span> <!-- /ko --> <!-- ko if: $data.availability().status === 'OutOfStock'--><!-- /ko --> </div> <div class="availability-in-store available" title="Available in stores"> Available in stores </div> </div> </div> </a> <div class="CTA-container"> <!-- ko template: { name: 'a2c-or-next-order-button', data: { selectedVariant: $data, amendableOrder: $data.amendableOrder(), CTA: $data.CTA(), viewGrocery: $data.availability().statusOnline.viewGroceryEligible && $root.siteExperience() == "gm", detailUrl: "https:////cat.criteo.com/beacon?fid=176&amp;hl_qs=VjcOs%2fKKYi3k4XIgbJfVweyrZQMoVlfzDSwjTPQBm6LIpas8A3AyhFPe8iCr3tO0YRxLLuSoPHhiQPkZrAH1quic52H4%2fSNN4Kowbu96ByaPsOGFP3S5Yrmeo1anbIT8%2brhpXsg8gkfB4C8WntF55%2bZ6jU5y%2b0T1mFTdEb0ebgT%2fcgn%2fHpu8gDSwSn%2f5%2faDtie41cMb1TcTBhgLLD0s3ZXfv7vnxgMakf%2fkaiFixKpgrdM2EbUaWETfL995F1Gg3aM%2fXl5OSMoEQt1JulVJ97fHLR0dFXJGwkp3zjYiSCoG1E3pisLOhUJMK7%2fzrAWCUnFsWa8GaO1HjT14wdYP8oyJkOcxDrb4u0CAlFcJ8YHRslRrXEpVow2rLrz6D6GSADFl%2fZ04ubtNuFRI4KnPPceOwT1mKGtXBp84%2f9HeCJ890GXAMfx%2bLshiaEqbuZ%2bpI0kHg976GxnWzTRkiWgHlRtoQ3oRUoNr4khXbG%2bgbzfi%2f7EC4QAhRd5gvEbhCX0gaT%2bVryxvRq9L4BASR0dSZI6RXymLWtIWQJBVqaAAPg4nNjsf9CWV4VUnjcXxEQT43tfp9uXQNb6y66GaFK%2bWCvmdkWt46nqDEjWD3PeuaU96FBbd4dCx8tkH1VxqnKzBXuWJTrPI8dHY01fSML%2ftTgWOzhTdEuo%2ff5y5SqpRaB7TzyQ21fVRSNmvcGsFtDHAElzwqjN1ejpV41MJzligvYTJCZ7jO8jHlQiC8%2bBo5fOOXYOr8qmWrupu9Hu%2fKzsAHdkNPbQvdifNMn87lrTOsYrL08a3%2fretTjwpFfoGd8RKf%2fioVKmSOIfu9WVqZaWITa2uv0h1dCBIvVnnzn9qzdK4x9sOnm%2b4%2b%2fbqTOglkA9HzIfDb7bi5n3h0P%2f7KmzLK4mkns9Tb%2ftuRVxxOLj005Szd2pfMj9wylICkQHNsg5Vgkn8JxPs8rt5ZEZsnneKkwwcr8cbFks4yRO3XwBhu3ZHCOUIddfzmAOes%2bScTpORzHE9LhfLhdP7MpQICmhcw50NU6Zz0pFM7ULP0CZ%2bK2AFSWKiHskdomN3FBQKbyXPXFP5T8QG0qiNAahdhcNSX5liajD8askVB7nUPcBT%2fkiqQEtlcw9nW2Rn1wQ%2fsgkQ0c%2fvlOqWQ9b86sx6H881u4eKk9nB5i5AYhjxoLPZidED3humYiyjIulT%2fJJKcmu6wykIk9IdIK5sEgeVph1eQK33Ed%2fQYZEkoESZD%2b%2f3nq9LnXyPsxdMiwLEoLNEbUZvAjyGQtgIRJXlhGjIZChit1QW%2f5CQs%2frvKvnombWoYruV5f2vmTv5TvSZSUN3E9xzEv9wHNqWHKewgjIRR8DPhMXrphkSZ1UtoFhi2c0l3wiH7%2fNqfTec2HFOmuYACQFkLEaSj8YFFz9u2DGo0EjAG7%2fmvZOavUR8gDwBhkUIs1HOkyjf%2fPbi0181vc30dWKr8%2fZ%2bRyhIkMtW%2fywfd7mQ3qBJU1ae8PITku1IgQmJuXg%3d%3d&amp;ev=2&amp;action=click&amp;impressionpid=96452f17-0ce5-4f8e-a1e6-3146b33ef856&amp;rn=882692779&amp;hmguid=81cd635e-2ea0-4869-9e19-8845ea2945d6&amp;dest=https://www.walmart.ca/en/ip/activia-yogurt-with-probiotics-strawberryblueberryraspberrypeach-flavour-100g-pack-of-12/6000100601594", trackingUrl: "", clickBeacon: "//cat.criteo.com/beacon?fid=176&amp;hl_qs=VjcOs%2fKKYi3k4XIgbJfVweyrZQMoVlfzDSwjTPQBm6LIpas8A3AyhFPe8iCr3tO0YRxLLuSoPHhiQPkZrAH1quic52H4%2fSNN4Kowbu96ByaPsOGFP3S5Yrmeo1anbIT8%2brhpXsg8gkfB4C8WntF55%2bZ6jU5y%2b0T1mFTdEb0ebgT%2fcgn%2fHpu8gDSwSn%2f5%2faDtie41cMb1TcTBhgLLD0s3ZXfv7vnxgMakf%2fkaiFixKpgrdM2EbUaWETfL995F1Gg3aM%2fXl5OSMoEQt1JulVJ97fHLR0dFXJGwkp3zjYiSCoG1E3pisLOhUJMK7%2fzrAWCUnFsWa8GaO1HjT14wdYP8oyJkOcxDrb4u0CAlFcJ8YHRslRrXEpVow2rLrz6D6GSADFl%2fZ04ubtNuFRI4KnPPceOwT1mKGtXBp84%2f9HeCJ890GXAMfx%2bLshiaEqbuZ%2bpI0kHg976GxnWzTRkiWgHlRtoQ3oRUoNr4khXbG%2bgbzfi%2f7EC4QAhRd5gvEbhCX0gaT%2bVryxvRq9L4BASR0dSZI6RXymLWtIWQJBVqaAAPg4nNjsf9CWV4VUnjcXxEQT43tfp9uXQNb6y66GaFK%2bWCvmdkWt46nqDEjWD3PeuaU96FBbd4dCx8tkH1VxqnKzBXuWJTrPI8dHY01fSML%2ftTgWOzhTdEuo%2ff5y5SqpRaB7TzyQ21fVRSNmvcGsFtDHAEOw8qN6ApbA%2btrxYbLwW6lMDas%2fiLVQ1x37%2fWnOu60h%2f9MxaFtVVhGhwP3WTJ8UGJT6ivHRnoI5nVKxVJxG05RROt18cEwzViN%2bKnAejU%2fq8N212C98xmAv7TBtPIUIzsl%2f4%2fGkSFFRhQJ6I1YbOIDjXLepg%2fD%2bbkq5yQvB3JI9d3uIuxxIt%2fRvxbRh8uZLZ%2bmxAm34W1VJAoIlmSjemgSGF8h3nKUHG6MYzT3U52AtxtsnQVSrPKmKFD0tortnSKeMjo23A%2fH2bps%2fHqd1FhKzA%2fZ9AoZT15sR6OtSnO60TrkReXUuJT2M7a4JvZM%2fp4KnqQuqJvHJXtFs1FHPxQysoBsTu1H7O8rtJpjl64r6EXZ2yWjqA10xeKv8LIrLMTPIAMW4grgSfX6YUHIM98OLmZ8SJFbPX4kjjlzLTCrlwy1DuiZUdQo%2f%2bL1IZX99z9t%2bNYXcTe5e7BXLATmTLeizrIIF6cDqY6qITe8CZTfGVlJbz0gVB0h68Pm8txAG4ccC9irv97TsRk5CkHKrCX1EFaOtcBlJUA8YY65sDkchiO2XWD0cPZQ6ooByr66Ahpul1TfOVxcwsATqRDiikYFpKPzVygY1Oj9Cy3exMILutFgzK6xJWRrch9FnLKUIBflCPRpxcxoe%2fmJbNKzC1PN3aFEFUxzJkUOZbhT8cy9YwP6vqw2QFOlAetQlyv4etdjr%2fbinerEF3RbCfaN9XK5JyVRwNn2Z599Qd0sq6dOJq2Xt0NRnx5pj5TNk3yYjmP0YeFNPzkB56JHMvU965NMw%3d%3d&amp;ev=2&amp;action=click&amp;impressionpid=96452f17-0ce5-4f8e-a1e6-3146b33ef856&amp;rn=1807605026&amp;hmguid=81cd635e-2ea0-4869-9e19-8845ea2945d6" } } -->
	<!-- ko if: $data.amendableOrder.allCallsAreSynchronized -->
		<!-- ko if: $data.amendableOrder.show --><!-- /ko -->

		<!-- ko ifnot: $data.amendableOrder.show -->

			
			<!-- ko if: $data.CTA.hasAvailableStatus && !!$data.CTA.text && !$data.viewGrocery -->
			<button class="button add-to-cart-btn limited-stock" data-bind="visible: $data.CTA.hasAvailableStatus, show: (!!$data.CTA.text), css: $data.CTA.status, attr: { 'data-click-tracking-url': $data.trackingUrl, 'data-click-beacon': $data.clickBeacon, 'aria-label': $data.CTA.status + ', ' + $data.CTA.text}" data-click-tracking-url="" data-click-beacon="//cat.criteo.com/beacon?fid=176&amp;amp;hl_qs=VjcOs%2fKKYi3k4XIgbJfVweyrZQMoVlfzDSwjTPQBm6LIpas8A3AyhFPe8iCr3tO0YRxLLuSoPHhiQPkZrAH1quic52H4%2fSNN4Kowbu96ByaPsOGFP3S5Yrmeo1anbIT8%2brhpXsg8gkfB4C8WntF55%2bZ6jU5y%2b0T1mFTdEb0ebgT%2fcgn%2fHpu8gDSwSn%2f5%2faDtie41cMb1TcTBhgLLD0s3ZXfv7vnxgMakf%2fkaiFixKpgrdM2EbUaWETfL995F1Gg3aM%2fXl5OSMoEQt1JulVJ97fHLR0dFXJGwkp3zjYiSCoG1E3pisLOhUJMK7%2fzrAWCUnFsWa8GaO1HjT14wdYP8oyJkOcxDrb4u0CAlFcJ8YHRslRrXEpVow2rLrz6D6GSADFl%2fZ04ubtNuFRI4KnPPceOwT1mKGtXBp84%2f9HeCJ890GXAMfx%2bLshiaEqbuZ%2bpI0kHg976GxnWzTRkiWgHlRtoQ3oRUoNr4khXbG%2bgbzfi%2f7EC4QAhRd5gvEbhCX0gaT%2bVryxvRq9L4BASR0dSZI6RXymLWtIWQJBVqaAAPg4nNjsf9CWV4VUnjcXxEQT43tfp9uXQNb6y66GaFK%2bWCvmdkWt46nqDEjWD3PeuaU96FBbd4dCx8tkH1VxqnKzBXuWJTrPI8dHY01fSML%2ftTgWOzhTdEuo%2ff5y5SqpRaB7TzyQ21fVRSNmvcGsFtDHAEOw8qN6ApbA%2btrxYbLwW6lMDas%2fiLVQ1x37%2fWnOu60h%2f9MxaFtVVhGhwP3WTJ8UGJT6ivHRnoI5nVKxVJxG05RROt18cEwzViN%2bKnAejU%2fq8N212C98xmAv7TBtPIUIzsl%2f4%2fGkSFFRhQJ6I1YbOIDjXLepg%2fD%2bbkq5yQvB3JI9d3uIuxxIt%2fRvxbRh8uZLZ%2bmxAm34W1VJAoIlmSjemgSGF8h3nKUHG6MYzT3U52AtxtsnQVSrPKmKFD0tortnSKeMjo23A%2fH2bps%2fHqd1FhKzA%2fZ9AoZT15sR6OtSnO60TrkReXUuJT2M7a4JvZM%2fp4KnqQuqJvHJXtFs1FHPxQysoBsTu1H7O8rtJpjl64r6EXZ2yWjqA10xeKv8LIrLMTPIAMW4grgSfX6YUHIM98OLmZ8SJFbPX4kjjlzLTCrlwy1DuiZUdQo%2f%2bL1IZX99z9t%2bNYXcTe5e7BXLATmTLeizrIIF6cDqY6qITe8CZTfGVlJbz0gVB0h68Pm8txAG4ccC9irv97TsRk5CkHKrCX1EFaOtcBlJUA8YY65sDkchiO2XWD0cPZQ6ooByr66Ahpul1TfOVxcwsATqRDiikYFpKPzVygY1Oj9Cy3exMILutFgzK6xJWRrch9FnLKUIBflCPRpxcxoe%2fmJbNKzC1PN3aFEFUxzJkUOZbhT8cy9YwP6vqw2QFOlAetQlyv4etdjr%2fbinerEF3RbCfaN9XK5JyVRwNn2Z599Qd0sq6dOJq2Xt0NRnx5pj5TNk3yYjmP0YeFNPzkB56JHMvU965NMw%3d%3d&amp;amp;ev=2&amp;amp;action=click&amp;amp;impressionpid=96452f17-0ce5-4f8e-a1e6-3146b33ef856&amp;amp;rn=1807605026&amp;amp;hmguid=81cd635e-2ea0-4869-9e19-8845ea2945d6" aria-label="limited-stock, Add to cart">
				<span class="ribbon-arrow" data-bind="html: $data.CTA.ribbonText, show: $data.CTA.ribbon">Limited Stock</span>
				<span class="btn-txt" data-bind="text: $data.CTA.text">Add to cart</span>
				<span class="loading-icon"></span>
			</button>
			<!-- /ko -->

			
			<!-- ko if: !$data.CTA.hasAvailableStatus && !!$data.CTA.text --><!-- /ko -->

			
			<!-- ko if: !$data.CTA.hasAvailableStatus && !$data.CTA.text --><!--/ko-->

			
			<!-- ko if: $data.CTA.hasAvailableStatus && !!$data.CTA.text  && $data.viewGrocery --><!-- /ko -->

		<!-- /ko -->

		<input type="hidden" data-bind="attr: { 'data-analytics-status-online': $data.selectedVariant.availability().statusOnline.status }" data-analytics-status-online="Available">
		<input type="hidden" data-bind="attr: { 'data-analytics-status-store': $data.selectedVariant.availability().statusStore.status }" data-analytics-status-store="">

	<!-- /ko -->
<!-- /ko --> <div class="drop-down-list hide"> <button type="button" class="drop-down-button button-list"> <span class="loading-icon"></span> Add to list </button> </div> <div class="drop-down-button-container drop-down-registry hide"> <button type="button" class="drop-down-button button-list"> <span class="loading-icon"></span> Add to registry </button> </div> </div> <input type="hidden" class="numSkus" value="1"> <input type="hidden" class="primary_parent_id" value="6000195507613"> <input type="hidden" class="categoryID" value="6000195507615"> <input type="hidden" class="productRollupID" value="6000100601594"> <input type="hidden" class="productID" value="10221381"> <input type="hidden" class="productSkus" value="{&quot;productid&quot;:&quot;10221381&quot;,&quot;skus&quot;:[[{&quot;skuid&quot;:&quot;10221381&quot;,&quot;minOrderQuantity&quot;:1,&quot;status&quot;:&quot;&quot;,&quot;eligibility_type&quot;:&quot;&quot;,&quot;date&quot;:&quot;&quot;,&quot;mfgr_sugd_rtl_amt&quot;:&quot;&quot;,&quot;price_comparison_qty&quot;:&quot;&quot;,&quot;price_comparison_unit&quot;:&quot;GR&quot;}]]}"> <input type="hidden" class="productQueryData" value="{&quot;6000100601594&quot;:[{&quot;sku&quot;:&quot;10221381&quot;,&quot;upc&quot;:[]}]}"> <input type="hidden" class="offerID" data-bind="attr: { value: $data.offerId }" value="10221381"> <input type="hidden" class="minOrderQuantity" data-bind="attr: { value: $root.variantMinQuantity('10221381', '10221381') }" value="1"> <img src="//b.da.us.criteo.com/beacon?fid=176&amp;hl_qs=VjcOs%2fKKYi3k4XIgbJfVweyrZQMoVlfzDSwjTPQBm6LIpas8A3AyhFPe8iCr3tO0YRxLLuSoPHhiQPkZrAH1quic52H4%2fSNN4Kowbu96ByaPsOGFP3S5Yrmeo1anbIT8%2brhpXsg8gkfB4C8WntF55%2bZ6jU5y%2b0T1mFTdEb0ebgT%2fcgn%2fHpu8gDSwSn%2f5%2faDtie41cMb1TcTBhgLLD0s3ZXfv7vnxgMakf%2fkaiFixKpgrdM2EbUaWETfL995F1Gg3aM%2fXl5OSMoEQt1JulVJ97fHLR0dFXJGwkp3zjYiSCoE4TfNYvOWFxFsjvnT89iiD2sigrPwbAaH92EVqlSrUf3S%2bO%2b%2fZdNWk%2baRnA37%2fpO%2bYzTDiO%2bBSTosfsZk75k4GEc4w7wNTKk53HI0Dd%2bsLyadsCDwoZHxGuhNO2wszzHO%2b86gafrUYbrpuvuFj934HpROiCGquTyX3j8hjTSGodZ8imlefP%2bYAFbTa4zvDv0j7zbglrFmpFMyTakzocTx2RhAAxDknuTOSpzpsj%2beUK%2bdHeX3VZe3bU1xkEVunwSDT3TelbPLP7j6ZN2NF6phR3Tnw1xm1bS1C4j7Npltr4hJ8bQmip%2bfT6EgvNncixrz%2fB%2fbPiksCJeYjrx6NlwGIcZsfqlDiyuAb5ZAx7JLhi61kyoz5ycAeHSodpn1QLo%2fC88jj84P9xoyLgWZJcvguLqNw5qWAqOmyPQZSG4DUpm4RvWBVJ9YWC5RuNHpk7vWsKFPPHTpj1yRaiP%2bpaBN88pjtOzOzZtomW8z9wnXBprzBjEd8A2mJ0pqTRAAqaSd1B3eamZ1dlzzlI%2fmnPCekOZ3Ndi5SIuTwpHTZvC7XnFNV40mPKDZnVvIKG8aWsPrDDcuvfL0GJo2x5k5jbu6xzv8wX4dZ4ryyqI8VEgDDVviKPOuGPEtDd63LJWJSpLZWOqowMrZR6GxKw4ArnZby2tbB3%2bdvBV3dYZL1xMWZIUzAQRsH2ih08R7zKeOFHxVTHtk9Y2njMAV0vRy6ZyD1uANZU9hqX3NmTspv5kNb6nbmZmBb8qF9zQycUXmPRFUzkagJZKK4TbFdJvHD8AETfIDJ2Alf6G1zGt31tIcT34OqV6skdgNrAWpGtpvQZD9SmqRLmQwaGC5%2f3%2fg6%2fWHBPtEAGIUo9kFKWQFtqfs19qvQfykgT5%2fxa6yuIYt1vhUFVexDIie5aH4BAPDhVomwBlpfJktS6Z8xZ7uGZpzCc%2f674N13%2fWnPcd8excSvD8%2bas%2f23cnxVnJtyoYnp52FCjyGsFJdoFe6vbQprOlsybaNl7Cp0nriXzgosDOi0%2fyf2j%2bxa7lZCc3XXkBaXzz%2ftocJT5ak3DVDJIsDGRWXTnzQfDBR6qEcI0RaZzMKMeB3fkyq1Sxg2f51m8AjHSqhffDH%2bIzGfIXeezgF1wVe%2bbzzILyV8aImp8BcDz2FcQlsKFH%2fET9FVXwVY0e5ON71uO8MV01nVUuEvN9qPliYXDBZfdzWR7ItOFmm6Zwd6EXAwfLWkRFLUjcKOtCPMWVqrCSOm0wVc4TLI6reE9Y9FCg%3d%3d&amp;ev=2&amp;action=imp&amp;pageguid=08ecb0d5-ebd5-4064-b910-106f31c6c23c&amp;pid=96452f17-0ce5-4f8e-a1e6-3146b33ef856&amp;rn=688958165&amp;hmguid=81cd635e-2ea0-4869-9e19-8845ea2945d6" class="impression-beacon" width="1" height="1"> </article>     <article class="simplified-thumb product thumb-6000198822903" id="thumb-6000198822903" data-rollup-id="6000198822902" data-bind="with: selectedVariant('6000198822902')" style="float: left; list-style: none; position: relative; width: 178.25px; margin-right: 20px;"> <a class="product-link" data-bind="click: function() {$root.navigateToPip($data.availability().statusOnline.viewGroceryEligible &amp;&amp; $root.siteExperience() == 'gm', 'https:////cat.criteo.com/beacon?fid=176&amp;hl_qs=VjcOs%2fKKYi3k4XIgbJfVweyrZQMoVlfzDSwjTPQBm6I8croeS0spTNRIRV87p0fEf9Jgix7LgLryjRGav9pLBS%2fNT9Q04Vs0UvU1sKoeaTsXVLJBd6GU7ON%2fZ6CufxvUysZdNfLQ1Mvt4ryJuy%2f9cA4J8cAmPZTZMVajBtQP9TIfRDOighmlYyer9M159NTkY0o9NfOlGHAmb2HroI3caaWCWjtLFV15Pnk9lLQkIUgJua2IP0luVYzwLk%2f17qSlvGbOaTWJ2i5vqysGZm6cIB%2fbI1Q%2fFdBeEpsLEPzMDCgQiOtBFcZZ2TGZrDg5mzxi598NKvU81Ptk1DrfW4%2bieASm%2fnv6KriffsKuMhJorL9YVdafld7PkwjBo0EXkRx%2fFHXzxRaVT1RewedYgqJv3RIbzc3CCRG4VM%2bOr%2bdC9%2bD7hkDX67I0CSiV%2fMn5BlMJLpYPJc28Apeuj79%2fmk70DKZFIjAtQb92lZA9XA8frMuNMy99ZM81Q0d%2f6MScv9JUlHMwwQP84sDwJuukOQA5tkGPQFTrwKutpkzCzxNuViflN4QzzR20VeALlAy2EqiN%2b2C32xtHVtbijBZNSB1Yhsf%2fOFD53wRE%2fhQXr3UnHg%2bZ5hjocPEd3L4InXvgOJPZFU7k6saVhbkjofNjxWPR7t0YrJVjwZlywY1BaevZI8jdvMCe19BLLCxiGkprUcJDPE9L3GnyjtXTeIQjESeqVpC1g7pqoBSxHxTMVPZA%2b7fB50S6dchrpssJUQN1IjuOxKQPBy9gb5WoDZZkZwWwEaxrUJ68fLRUvbQMdM8mSKzWyfMTYuTKoGf%2b3Ra9xSLAc1fcysciBrGpDf5sjOgyUbWam16QgCplhL3udMDv2g19pCxE0h16KI6sEdafb712kTKUGI%2fXhTR2JF7nPYt1OzHbTT3tUvlwO0uOFfVKHl9%2fQHSoDd578PfPytOlv8EKhKqsndn1YAFtWO2eINssAa%2fFwTnfBqpywRtcp9YnsoathWHjZTiGpzUW0VDA8zosoY%2fswk9ksLyM6PHMhHWoAIxPocNPd5ldsLpcp8UOBvudMc3WyB3cRrkPBJ5wGdpYNh4B8GGcLlNG5xACsPiCU7SMGFHc5z6hDch28Uf%2bFhfc7kh%2feyYj1WqHE1Qg90u8YEroHuT0V4RAf9YaqpVF7wOhf2qicNeV9MYdaF9I07kW7M4VaiyBZnO0UQwUQrBUtlV35b8WunmV4GxFTbS0aV1rtMKWJ4SUy3CekWwRpM3NwqGBE6GvgXlmRgj3Min0JQys2onXZ788CVY24LQqfr6nuqyHhBeUljdnO58CWDP9RkbiUSXg5AkDvd%2f5YLZ819pFNrNhzdY5kfSgu1q0fo4SN22RtHL9uVuj48RUCvBTUv%2biZigkL1e23QLzvvEnMBVca7DUxoGvOgOaNu8ILluywY%2fBDnxbrweuLJ2GDxSR1ZkHOVPWZw43Bge%2bk02g5N1plk7fi5bfC7Du2T0Lfg%3d%3d&amp;ev=2&amp;action=click&amp;impressionpid=15c16a4c-1e5a-4c4f-8df4-281d819f3a4b&amp;rn=1919574631&amp;hmguid=81cd635e-2ea0-4869-9e19-8845ea2945d6&amp;dest=https://www.walmart.ca/en/ip/fairlife-skim-ultrafiltered-milk-lactose-free-15l/6000198822902')}, attr: {href: !($data.availability().statusOnline.viewGroceryEligible &amp;&amp; $root.siteExperience() == 'gm') ? 'https:////cat.criteo.com/beacon?fid=176&amp;hl_qs=VjcOs%2fKKYi3k4XIgbJfVweyrZQMoVlfzDSwjTPQBm6I8croeS0spTNRIRV87p0fEf9Jgix7LgLryjRGav9pLBS%2fNT9Q04Vs0UvU1sKoeaTsXVLJBd6GU7ON%2fZ6CufxvUysZdNfLQ1Mvt4ryJuy%2f9cA4J8cAmPZTZMVajBtQP9TIfRDOighmlYyer9M159NTkY0o9NfOlGHAmb2HroI3caaWCWjtLFV15Pnk9lLQkIUgJua2IP0luVYzwLk%2f17qSlvGbOaTWJ2i5vqysGZm6cIB%2fbI1Q%2fFdBeEpsLEPzMDCgQiOtBFcZZ2TGZrDg5mzxi598NKvU81Ptk1DrfW4%2bieASm%2fnv6KriffsKuMhJorL9YVdafld7PkwjBo0EXkRx%2fFHXzxRaVT1RewedYgqJv3RIbzc3CCRG4VM%2bOr%2bdC9%2bD7hkDX67I0CSiV%2fMn5BlMJLpYPJc28Apeuj79%2fmk70DKZFIjAtQb92lZA9XA8frMuNMy99ZM81Q0d%2f6MScv9JUlHMwwQP84sDwJuukOQA5tkGPQFTrwKutpkzCzxNuViflN4QzzR20VeALlAy2EqiN%2b2C32xtHVtbijBZNSB1Yhsf%2fOFD53wRE%2fhQXr3UnHg%2bZ5hjocPEd3L4InXvgOJPZFU7k6saVhbkjofNjxWPR7t0YrJVjwZlywY1BaevZI8jdvMCe19BLLCxiGkprUcJDPE9L3GnyjtXTeIQjESeqVpC1g7pqoBSxHxTMVPZA%2b7fB50S6dchrpssJUQN1IjuOxKQPBy9gb5WoDZZkZwWwEaxrUJ68fLRUvbQMdM8mSKzWyfMTYuTKoGf%2b3Ra9xSLAc1fcysciBrGpDf5sjOgyUbWam16QgCplhL3udMDv2g19pCxE0h16KI6sEdafb712kTKUGI%2fXhTR2JF7nPYt1OzHbTT3tUvlwO0uOFfVKHl9%2fQHSoDd578PfPytOlv8EKhKqsndn1YAFtWO2eINssAa%2fFwTnfBqpywRtcp9YnsoathWHjZTiGpzUW0VDA8zosoY%2fswk9ksLyM6PHMhHWoAIxPocNPd5ldsLpcp8UOBvudMc3WyB3cRrkPBJ5wGdpYNh4B8GGcLlNG5xACsPiCU7SMGFHc5z6hDch28Uf%2bFhfc7kh%2feyYj1WqHE1Qg90u8YEroHuT0V4RAf9YaqpVF7wOhf2qicNeV9MYdaF9I07kW7M4VaiyBZnO0UQwUQrBUtlV35b8WunmV4GxFTbS0aV1rtMKWJ4SUy3CekWwRpM3NwqGBE6GvgXlmRgj3Min0JQys2onXZ788CVY24LQqfr6nuqyHhBeUljdnO58CWDP9RkbiUSXg5AkDvd%2f5YLZ819pFNrNhzdY5kfSgu1q0fo4SN22RtHL9uVuj48RUCvBTUv%2biZigkL1e23QLzvvEnMBVca7DUxoGvOgOaNu8ILluywY%2fBDnxbrweuLJ2GDxSR1ZkHOVPWZw43Bge%2bk02g5N1plk7fi5bfC7Du2T0Lfg%3d%3d&amp;ev=2&amp;action=click&amp;impressionpid=15c16a4c-1e5a-4c4f-8df4-281d819f3a4b&amp;rn=1919574631&amp;hmguid=81cd635e-2ea0-4869-9e19-8845ea2945d6&amp;dest=https://www.walmart.ca/en/ip/fairlife-skim-ultrafiltered-milk-lactose-free-15l/6000198822902' : ''}" href="https:////cat.criteo.com/beacon?fid=176&amp;hl_qs=VjcOs%2fKKYi3k4XIgbJfVweyrZQMoVlfzDSwjTPQBm6I8croeS0spTNRIRV87p0fEf9Jgix7LgLryjRGav9pLBS%2fNT9Q04Vs0UvU1sKoeaTsXVLJBd6GU7ON%2fZ6CufxvUysZdNfLQ1Mvt4ryJuy%2f9cA4J8cAmPZTZMVajBtQP9TIfRDOighmlYyer9M159NTkY0o9NfOlGHAmb2HroI3caaWCWjtLFV15Pnk9lLQkIUgJua2IP0luVYzwLk%2f17qSlvGbOaTWJ2i5vqysGZm6cIB%2fbI1Q%2fFdBeEpsLEPzMDCgQiOtBFcZZ2TGZrDg5mzxi598NKvU81Ptk1DrfW4%2bieASm%2fnv6KriffsKuMhJorL9YVdafld7PkwjBo0EXkRx%2fFHXzxRaVT1RewedYgqJv3RIbzc3CCRG4VM%2bOr%2bdC9%2bD7hkDX67I0CSiV%2fMn5BlMJLpYPJc28Apeuj79%2fmk70DKZFIjAtQb92lZA9XA8frMuNMy99ZM81Q0d%2f6MScv9JUlHMwwQP84sDwJuukOQA5tkGPQFTrwKutpkzCzxNuViflN4QzzR20VeALlAy2EqiN%2b2C32xtHVtbijBZNSB1Yhsf%2fOFD53wRE%2fhQXr3UnHg%2bZ5hjocPEd3L4InXvgOJPZFU7k6saVhbkjofNjxWPR7t0YrJVjwZlywY1BaevZI8jdvMCe19BLLCxiGkprUcJDPE9L3GnyjtXTeIQjESeqVpC1g7pqoBSxHxTMVPZA%2b7fB50S6dchrpssJUQN1IjuOxKQPBy9gb5WoDZZkZwWwEaxrUJ68fLRUvbQMdM8mSKzWyfMTYuTKoGf%2b3Ra9xSLAc1fcysciBrGpDf5sjOgyUbWam16QgCplhL3udMDv2g19pCxE0h16KI6sEdafb712kTKUGI%2fXhTR2JF7nPYt1OzHbTT3tUvlwO0uOFfVKHl9%2fQHSoDd578PfPytOlv8EKhKqsndn1YAFtWO2eINssAa%2fFwTnfBqpywRtcp9YnsoathWHjZTiGpzUW0VDA8zosoY%2fswk9ksLyM6PHMhHWoAIxPocNPd5ldsLpcp8UOBvudMc3WyB3cRrkPBJ5wGdpYNh4B8GGcLlNG5xACsPiCU7SMGFHc5z6hDch28Uf%2bFhfc7kh%2feyYj1WqHE1Qg90u8YEroHuT0V4RAf9YaqpVF7wOhf2qicNeV9MYdaF9I07kW7M4VaiyBZnO0UQwUQrBUtlV35b8WunmV4GxFTbS0aV1rtMKWJ4SUy3CekWwRpM3NwqGBE6GvgXlmRgj3Min0JQys2onXZ788CVY24LQqfr6nuqyHhBeUljdnO58CWDP9RkbiUSXg5AkDvd%2f5YLZ819pFNrNhzdY5kfSgu1q0fo4SN22RtHL9uVuj48RUCvBTUv%2biZigkL1e23QLzvvEnMBVca7DUxoGvOgOaNu8ILluywY%2fBDnxbrweuLJ2GDxSR1ZkHOVPWZw43Bge%2bk02g5N1plk7fi5bfC7Du2T0Lfg%3d%3d&amp;ev=2&amp;action=click&amp;impressionpid=15c16a4c-1e5a-4c4f-8df4-281d819f3a4b&amp;rn=1919574631&amp;hmguid=81cd635e-2ea0-4869-9e19-8845ea2945d6&amp;dest=https://www.walmart.ca/en/ip/fairlife-skim-ultrafiltered-milk-lactose-free-15l/6000198822902"> <div class="badge-container"> <!-- ko template: { name: 'product-badges', if: !!$data.badgesAnalytics(), data: { badges: badges, badgesAnalytics: badgesAnalytics, screenReaderHidden : true } } --><!-- /ko --> <!-- ko ifnot: $data.badgesAnalytics() --> <span class="badge"></span> <!-- /ko --> </div> <div class="centered-img"> <div class="cmp-atc-thmb-wrp"> <span class="cmp-atc-thmb-state">✔</span><span class="cmp-atc-thmb-copy mobile-hide"></span> </div> <div class="centered-img-wrap"> <img alt="" class="image lazy-img" src="data:image/gif;base64,R0lGODlhAQABAIAAAAAAAP///yH5BAEAAAAALAAAAAABAAEAAAIBRAA7" data-original="//i5.walmartimages.ca/images/Thumbnails/952/298/6000198952298.jpg?odnBound=200" width="200" height="200"> </div> </div> <div class="product-details-container"> <div class="details"> <div class="title" aria-label="FAIRLIFE® Skim Ultrafiltered Milk - Lactose free 1.5L."> <h2 class="thumb-header">FAIRLIFE® Skim Ultrafiltered Milk - Lactose free 1.5L</h2> </div> <div class="fade"></div> </div> <!-- ko template: { name: 'product-badges', if: !!$data.badgesAnalytics(), data: { badges: badges, badgesAnalytics: badgesAnalytics, screenReaderHidden : false } } --><!-- /ko --> <div class="ratings"> <div class="stars rating-0_0" aria-label="This product has not been rated." data-bind="template: { name: 'star-ratings' }">
	 <i class="star"></i>  <i class="star"></i>  <i class="star"></i>  <i class="star"></i>  <i class="star"></i> 
</div> <span class="review-count" aria-label="This product hasn’t been reviewed.">0 Reviews</span> <div class="fade"></div> </div> <span class="all-price-sections"> <!-- ko ifnot: availability().pricing.mapPrice --> <div class="only-for-screen-reader" id="price">Price</div> <!-- ko if: $data.availability().pricing.curPrice > 0 && !$data.availability().pricing.ranged--> <div class="price-current" data-bind="component: { name: 'current-pricing', params: availability().pricing }"><div data-bind="possibleRangedCurrencyText: { data: price, simpleFormatting: simpleFormatting } "><sup>$</sup>4<span class="visually-hidden">.</span><sup>97</sup></div><div data-bind="template: {name: &quot;analytics-price-template&quot;, data: price, afterRender: $root.initVariableWeightPopup }">
	<span style="display:none;" data-analytics-type="product-price" class="product-price-analytics" data-analytics-value="4.97" data-bind="attr: { 'data-analytics-value': $data }">
	</span>
</div></div> <!-- /ko --> <!-- ko if: $data.availability().pricing.ranged --><!-- /ko --> <!-- ko ifnot: $data.availability().pricing.curPrice --><!-- /ko --> <!-- /ko --> <!-- ko if: availability().pricing.mapPrice --><!-- /ko --> <div class="pricing-spacer" data-bind="component: { name: 'was-pricing', params: availability().pricing }"><div class="price-was" data-bind="html: wasPriceDisplay"></div><div class="price-cover"></div><div class="price-cover-percent"></div><div class="price-unit" data-bind="template: {name: &quot;price-per-unit-tooltip-template&quot;, data: pricePerUnit, afterRender: $root.initPricingPopup }">
	<a class="popup-opener popup-align-left price-unit-tooltip" data-title-headline="" data-title="This is a unit of measurement to help you compare the value of this item. Please know, this is not the price of the item itself." data-bind="text: $data, attr:{'aria-label' : '. Price is measured as ' + $data}" aria-label=". Price is measured as $497/100ml">$497/100ml</a>
</div></div> </span> <div class="availability-messages"> <div class="availability-online not-available" data-bind="css: {available: (availability().status === 'Available') || (availability().status === 'AcceptingPreorder'), 'not-available': (availability().status === 'NotSold') || (availability().status === 'OutOfStock') || (availability().status === 'NotEligible')}"> <!-- ko if: $data.availability().status !== 'OutOfStock' && $data.availability().status !== 'Available' && $data.availability().status !== 'AcceptingPreorder'--> <span class="" data-bind="css: {hide : ($data.availability().status === 'OutOfStock')||($data.availability().status === 'Available')||($data.availability().status === 'AcceptingPreorder')}" title="Not sold online">Not sold online</span> <!-- /ko --> <!-- ko if: $data.availability().status === 'Available' || $data.availability().status === 'AcceptingPreorder'--><!-- /ko --> <!-- ko if: $data.availability().status === 'OutOfStock'--><!-- /ko --> </div> <div class="availability-in-store available" title="Available in stores"> Available in stores </div> </div> </div> </a> <div class="CTA-container"> <!-- ko template: { name: 'a2c-or-next-order-button', data: { selectedVariant: $data, amendableOrder: $data.amendableOrder(), CTA: $data.CTA(), viewGrocery: $data.availability().statusOnline.viewGroceryEligible && $root.siteExperience() == "gm", detailUrl: "https:////cat.criteo.com/beacon?fid=176&amp;hl_qs=VjcOs%2fKKYi3k4XIgbJfVweyrZQMoVlfzDSwjTPQBm6I8croeS0spTNRIRV87p0fEf9Jgix7LgLryjRGav9pLBS%2fNT9Q04Vs0UvU1sKoeaTsXVLJBd6GU7ON%2fZ6CufxvUysZdNfLQ1Mvt4ryJuy%2f9cA4J8cAmPZTZMVajBtQP9TIfRDOighmlYyer9M159NTkY0o9NfOlGHAmb2HroI3caaWCWjtLFV15Pnk9lLQkIUgJua2IP0luVYzwLk%2f17qSlvGbOaTWJ2i5vqysGZm6cIB%2fbI1Q%2fFdBeEpsLEPzMDCgQiOtBFcZZ2TGZrDg5mzxi598NKvU81Ptk1DrfW4%2bieASm%2fnv6KriffsKuMhJorL9YVdafld7PkwjBo0EXkRx%2fFHXzxRaVT1RewedYgqJv3RIbzc3CCRG4VM%2bOr%2bdC9%2bD7hkDX67I0CSiV%2fMn5BlMJLpYPJc28Apeuj79%2fmk70DKZFIjAtQb92lZA9XA8frMuNMy99ZM81Q0d%2f6MScv9JUlHMwwQP84sDwJuukOQA5tkGPQFTrwKutpkzCzxNuViflN4QzzR20VeALlAy2EqiN%2b2C32xtHVtbijBZNSB1Yhsf%2fOFD53wRE%2fhQXr3UnHg%2bZ5hjocPEd3L4InXvgOJPZFU7k6saVhbkjofNjxWPR7t0YrJVjwZlywY1BaevZI8jdvMCe19BLLCxiGkprUcJDPE9L3GnyjtXTeIQjESeqVpC1g7pqoBSxHxTMVPZA%2b7fB50S6dchrpssJUQN1IjuOxKQPBy9gb5WoDZZkZwWwEaxrUJ68fLRUvbQMdM8mSKzWyfMTYuTKoGf%2b3Ra9xSLAc1fcysciBrGpDf5sjOgyUbWam16QgCplhL3udMDv2g19pCxE0h16KI6sEdafb712kTKUGI%2fXhTR2JF7nPYt1OzHbTT3tUvlwO0uOFfVKHl9%2fQHSoDd578PfPytOlv8EKhKqsndn1YAFtWO2eINssAa%2fFwTnfBqpywRtcp9YnsoathWHjZTiGpzUW0VDA8zosoY%2fswk9ksLyM6PHMhHWoAIxPocNPd5ldsLpcp8UOBvudMc3WyB3cRrkPBJ5wGdpYNh4B8GGcLlNG5xACsPiCU7SMGFHc5z6hDch28Uf%2bFhfc7kh%2feyYj1WqHE1Qg90u8YEroHuT0V4RAf9YaqpVF7wOhf2qicNeV9MYdaF9I07kW7M4VaiyBZnO0UQwUQrBUtlV35b8WunmV4GxFTbS0aV1rtMKWJ4SUy3CekWwRpM3NwqGBE6GvgXlmRgj3Min0JQys2onXZ788CVY24LQqfr6nuqyHhBeUljdnO58CWDP9RkbiUSXg5AkDvd%2f5YLZ819pFNrNhzdY5kfSgu1q0fo4SN22RtHL9uVuj48RUCvBTUv%2biZigkL1e23QLzvvEnMBVca7DUxoGvOgOaNu8ILluywY%2fBDnxbrweuLJ2GDxSR1ZkHOVPWZw43Bge%2bk02g5N1plk7fi5bfC7Du2T0Lfg%3d%3d&amp;ev=2&amp;action=click&amp;impressionpid=15c16a4c-1e5a-4c4f-8df4-281d819f3a4b&amp;rn=1919574631&amp;hmguid=81cd635e-2ea0-4869-9e19-8845ea2945d6&amp;dest=https://www.walmart.ca/en/ip/fairlife-skim-ultrafiltered-milk-lactose-free-15l/6000198822902", trackingUrl: "", clickBeacon: "//cat.criteo.com/beacon?fid=176&amp;hl_qs=VjcOs%2fKKYi3k4XIgbJfVweyrZQMoVlfzDSwjTPQBm6I8croeS0spTNRIRV87p0fEf9Jgix7LgLryjRGav9pLBS%2fNT9Q04Vs0UvU1sKoeaTsXVLJBd6GU7ON%2fZ6CufxvUysZdNfLQ1Mvt4ryJuy%2f9cA4J8cAmPZTZMVajBtQP9TIfRDOighmlYyer9M159NTkY0o9NfOlGHAmb2HroI3caaWCWjtLFV15Pnk9lLQkIUgJua2IP0luVYzwLk%2f17qSlvGbOaTWJ2i5vqysGZm6cIB%2fbI1Q%2fFdBeEpsLEPzMDCgQiOtBFcZZ2TGZrDg5mzxi598NKvU81Ptk1DrfW4%2bieASm%2fnv6KriffsKuMhJorL9YVdafld7PkwjBo0EXkRx%2fFHXzxRaVT1RewedYgqJv3RIbzc3CCRG4VM%2bOr%2bdC9%2bD7hkDX67I0CSiV%2fMn5BlMJLpYPJc28Apeuj79%2fmk70DKZFIjAtQb92lZA9XA8frMuNMy99ZM81Q0d%2f6MScv9JUlHMwwQP84sDwJuukOQA5tkGPQFTrwKutpkzCzxNuViflN4QzzR20VeALlAy2EqiN%2b2C32xtHVtbijBZNSB1Yhsf%2fOFD53wRE%2fhQXr3UnHg%2bZ5hjocPEd3L4InXvgOJPZFU7k6saVhbkjofNjxWPR7t0YrJVjwZlywY1BaevZI8jdvMCe19BLLCxiGkprUcJD7ogpaQ%2bI2nrJ7TkogixumZciikPcQou2qJWY8u1sDYUsb2PwRu2u7W45ue1f4UJ2eAjEVJHxHXJrdyObhyuilDN%2bpe5C99dZIyqEd5zJdQ5jhGmh9HGZ8EzgNA2I9UmwjMKteF6uhBcymJpT42Nc%2fYgcU1klf93f2FExYgY6yagQZiDnwiD6QGp8JW6V0u%2fB6DHLw4AGbiDmjfiZF4w%2fuwWAs4WJosmF6tgRSbvR9WdpTDtkVx8WzVdsEnLmYAE7C%2bkn1i6Md4cuMC%2bEYrWqa39rHaQV3S%2f444iv22cauleQx5GcpQ0igO4VQVHSFqQcpsPY6dkTz1jhO6QWF0mH548W7DUv8h1YjY%2bYd1AlZWdT8zP%2bGrsaxlyG9cD0%2bfai2zoijU8HcvSepL1fg5PkcDwfV33P15imrS2bdPSrpVPyRMr9WtbRqIQ2UN2xVgABl%2fbTY0zWZhGV1eO9j%2bVmAK6T%2b3sTonFHeEQUPgiUzZ4cclHTkNwkeiUCstcSrSp7k8HpJX5vymBUS261Rfjodvkz5paUewZJYVqZ4GbAHJCVDtZRgKjV%2bvmKcrRTd%2fi8BIijZ1TRU61cIh0TaRL9clN3QRiSAmx19yhNvBNVSUwlKQXHreQ1YcMCNvO%2blanNPgRKeAC6AszkgVVp0DUvpnStUpqR7DJAJAnF2uiebCJyiS7O5Xr6tHzpfGWUt2B%2fChthfFgiMGCKWMIZ93BiTn736Y4RpUfOaxgjYhGiPJkd2zO0TZj1TW%2bzAvgh27Ag8bjjY8MzwbgDM2S0u6PSOQ%3d%3d&amp;ev=2&amp;action=click&amp;impressionpid=15c16a4c-1e5a-4c4f-8df4-281d819f3a4b&amp;rn=698772028&amp;hmguid=81cd635e-2ea0-4869-9e19-8845ea2945d6" } } -->
	<!-- ko if: $data.amendableOrder.allCallsAreSynchronized -->
		<!-- ko if: $data.amendableOrder.show --><!-- /ko -->

		<!-- ko ifnot: $data.amendableOrder.show -->

			
			<!-- ko if: $data.CTA.hasAvailableStatus && !!$data.CTA.text && !$data.viewGrocery --><!-- /ko -->

			
			<!-- ko if: !$data.CTA.hasAvailableStatus && !!$data.CTA.text -->
			<button class="button view-details-btn view-details" data-bind="hidden: $data.CTA.hasAvailableStatus, show: (!!$data.CTA.text), css: $data.CTA.status, click: $data.CTA.viewDetails, disable: !$data.detailUrl &amp;&amp; !$data.CTA.isFlyer(), attr: { 'data-detail-url': $data.detailUrl }" data-detail-url="https:////cat.criteo.com/beacon?fid=176&amp;amp;hl_qs=VjcOs%2fKKYi3k4XIgbJfVweyrZQMoVlfzDSwjTPQBm6I8croeS0spTNRIRV87p0fEf9Jgix7LgLryjRGav9pLBS%2fNT9Q04Vs0UvU1sKoeaTsXVLJBd6GU7ON%2fZ6CufxvUysZdNfLQ1Mvt4ryJuy%2f9cA4J8cAmPZTZMVajBtQP9TIfRDOighmlYyer9M159NTkY0o9NfOlGHAmb2HroI3caaWCWjtLFV15Pnk9lLQkIUgJua2IP0luVYzwLk%2f17qSlvGbOaTWJ2i5vqysGZm6cIB%2fbI1Q%2fFdBeEpsLEPzMDCgQiOtBFcZZ2TGZrDg5mzxi598NKvU81Ptk1DrfW4%2bieASm%2fnv6KriffsKuMhJorL9YVdafld7PkwjBo0EXkRx%2fFHXzxRaVT1RewedYgqJv3RIbzc3CCRG4VM%2bOr%2bdC9%2bD7hkDX67I0CSiV%2fMn5BlMJLpYPJc28Apeuj79%2fmk70DKZFIjAtQb92lZA9XA8frMuNMy99ZM81Q0d%2f6MScv9JUlHMwwQP84sDwJuukOQA5tkGPQFTrwKutpkzCzxNuViflN4QzzR20VeALlAy2EqiN%2b2C32xtHVtbijBZNSB1Yhsf%2fOFD53wRE%2fhQXr3UnHg%2bZ5hjocPEd3L4InXvgOJPZFU7k6saVhbkjofNjxWPR7t0YrJVjwZlywY1BaevZI8jdvMCe19BLLCxiGkprUcJDPE9L3GnyjtXTeIQjESeqVpC1g7pqoBSxHxTMVPZA%2b7fB50S6dchrpssJUQN1IjuOxKQPBy9gb5WoDZZkZwWwEaxrUJ68fLRUvbQMdM8mSKzWyfMTYuTKoGf%2b3Ra9xSLAc1fcysciBrGpDf5sjOgyUbWam16QgCplhL3udMDv2g19pCxE0h16KI6sEdafb712kTKUGI%2fXhTR2JF7nPYt1OzHbTT3tUvlwO0uOFfVKHl9%2fQHSoDd578PfPytOlv8EKhKqsndn1YAFtWO2eINssAa%2fFwTnfBqpywRtcp9YnsoathWHjZTiGpzUW0VDA8zosoY%2fswk9ksLyM6PHMhHWoAIxPocNPd5ldsLpcp8UOBvudMc3WyB3cRrkPBJ5wGdpYNh4B8GGcLlNG5xACsPiCU7SMGFHc5z6hDch28Uf%2bFhfc7kh%2feyYj1WqHE1Qg90u8YEroHuT0V4RAf9YaqpVF7wOhf2qicNeV9MYdaF9I07kW7M4VaiyBZnO0UQwUQrBUtlV35b8WunmV4GxFTbS0aV1rtMKWJ4SUy3CekWwRpM3NwqGBE6GvgXlmRgj3Min0JQys2onXZ788CVY24LQqfr6nuqyHhBeUljdnO58CWDP9RkbiUSXg5AkDvd%2f5YLZ819pFNrNhzdY5kfSgu1q0fo4SN22RtHL9uVuj48RUCvBTUv%2biZigkL1e23QLzvvEnMBVca7DUxoGvOgOaNu8ILluywY%2fBDnxbrweuLJ2GDxSR1ZkHOVPWZw43Bge%2bk02g5N1plk7fi5bfC7Du2T0Lfg%3d%3d&amp;amp;ev=2&amp;amp;action=click&amp;amp;impressionpid=15c16a4c-1e5a-4c4f-8df4-281d819f3a4b&amp;amp;rn=1919574631&amp;amp;hmguid=81cd635e-2ea0-4869-9e19-8845ea2945d6&amp;amp;dest=https://www.walmart.ca/en/ip/fairlife-skim-ultrafiltered-milk-lactose-free-15l/6000198822902">
				<span class="btn-txt" data-bind="text: $data.CTA.text">View details</span>
			</button>
			<!-- /ko -->

			
			<!-- ko if: !$data.CTA.hasAvailableStatus && !$data.CTA.text --><!--/ko-->

			
			<!-- ko if: $data.CTA.hasAvailableStatus && !!$data.CTA.text  && $data.viewGrocery --><!-- /ko -->

		<!-- /ko -->

		<input type="hidden" data-bind="attr: { 'data-analytics-status-online': $data.selectedVariant.availability().statusOnline.status }" data-analytics-status-online="NotEligible">
		<input type="hidden" data-bind="attr: { 'data-analytics-status-store': $data.selectedVariant.availability().statusStore.status }" data-analytics-status-store="">

	<!-- /ko -->
<!-- /ko --> <div class="drop-down-list hide"> <button type="button" class="drop-down-button button-list"> <span class="loading-icon"></span> Add to list </button> </div> <div class="drop-down-button-container drop-down-registry hide"> <button type="button" class="drop-down-button button-list"> <span class="loading-icon"></span> Add to registry </button> </div> </div> <input type="hidden" class="numSkus" value="1"> <input type="hidden" class="primary_parent_id" value="6000188228276"> <input type="hidden" class="categoryID" value="6000194349400"> <input type="hidden" class="productRollupID" value="6000198822902"> <input type="hidden" class="productID" value="6000198822903"> <input type="hidden" class="productSkus" value="{&quot;productid&quot;:&quot;6000198822903&quot;,&quot;skus&quot;:[[{&quot;skuid&quot;:&quot;6000198822903&quot;,&quot;minOrderQuantity&quot;:1,&quot;status&quot;:&quot;&quot;,&quot;eligibility_type&quot;:&quot;&quot;,&quot;date&quot;:&quot;&quot;,&quot;mfgr_sugd_rtl_amt&quot;:&quot;&quot;,&quot;price_comparison_qty&quot;:&quot;&quot;,&quot;price_comparison_unit&quot;:&quot;&quot;}]]}"> <input type="hidden" class="productQueryData" value="{&quot;6000198822902&quot;:[{&quot;sku&quot;:&quot;6000198822903&quot;,&quot;upc&quot;:[]}]}"> <input type="hidden" class="offerID" data-bind="attr: { value: $data.offerId }" value="6000198822903"> <input type="hidden" class="minOrderQuantity" data-bind="attr: { value: $root.variantMinQuantity('6000198822903', '6000198822903') }" value="1"> <img src="//b.da.us.criteo.com/beacon?fid=176&amp;hl_qs=VjcOs%2fKKYi3k4XIgbJfVweyrZQMoVlfzDSwjTPQBm6I8croeS0spTNRIRV87p0fEf9Jgix7LgLryjRGav9pLBS%2fNT9Q04Vs0UvU1sKoeaTsXVLJBd6GU7ON%2fZ6CufxvUysZdNfLQ1Mvt4ryJuy%2f9cA4J8cAmPZTZMVajBtQP9TIfRDOighmlYyer9M159NTkY0o9NfOlGHAmb2HroI3caaWCWjtLFV15Pnk9lLQkIUgJua2IP0luVYzwLk%2f17qSlvGbOaTWJ2i5vqysGZm6cIB%2fbI1Q%2fFdBeEpsLEPzMDCjGZuLYc4JGIlkHHVhGByJ%2fDTMh8PtPECnm4xZTFhEKe7295Jt85%2f7pIGe6rOSk8Cs%2fWDOC6lZ6D7T9nZjuVNVu0YU7emNNoQs0Ildwe2ZQ%2fCZk%2bvLZ%2fghZi2u9UfNk9zauMPvau1%2f5%2bXMXnsZ%2bzEMm4QPLh%2fmUnx2qRN%2fEBZdLt2CTJJusC66XafqyTV5bQXT69hlQwyqfuPEQTif%2foHQiOVANwdJ1PA4G7VC26Z%2by9EEBGGeuBY1J5pbSbWWIVPwbmAbig35FCWPqnqdUWH%2fUwHkAAsuXReMzwqHpyrSDd%2fh1dhr0b4eFc1eVIjXDJfkUymxsDZpDADMXguOog4kBcO9ut51HburdYV5%2bxOUbcQN9T5LXcEWi7keieqdRPShHEZsKKLqvMFFAz0ZmIeyO1c1LiQtg2%2fqjN2iZRqtg6JMvQklZgxV4hwkdUoxEzx4TldyNHxL6odM7F6abDfFYgyoQsl1z6LfASiSL4Y1L0Ygq0qRNJ3K%2bK8NzzkILpnoSXntDes65%2bPuVEhfzfqxpnJLlseMvB0r1lvS7TpF9TFCXRwVBlPCSDozTyGHhRJGEf4vA3%2fFhBWywzmS3t1OjaHOYogUtIBVw3uG5ITJc6na27czkXn9CScJb7lhOk5b9iC7oM5V0jvj%2b4axT3J44vSnC7UlAScmTzRqDuurUYTI8v%2f5HZvsFq2m2pQi3krQM3G%2fU5CcUDJXphxo8gmQn2IR%2fNEMtYre9AQF0OfVd6gwfvEgWPa7weuGAqPUu6BfVVLgBE69u2jUCZ0jdBhoZ6zyOMvYI%2fVxs3vqtpfGT8FIK04edZHvMx2PJ%2fz2WAv%2bvaALx4khREgPf0t4fmRQwfEzcCSVPAUcenzt0DtKO2HUaqtxVpT5FvQGKlNq5iOEA%2bgjqDgzxMcW51IcrCAAl9TruR1DA2zFL0c4zQMa%2fPABglsQsQrTcY9mTM1RctXV%2fSUR9tn09Zh8j8uwVVedkTtDjhrDg5jKsmqIPYbe6a01pHxJD3bzTv0RU3ouVcn77wcZvlg5v81hUaup8tFZn2kt5LA%2fLEJCTlza%2fxwS6jiFX5PKsWeoQsFJREGgKRnxdBSMiADQ%2bMYDiS0V%2fGxOeeELm9jBNuJj1NCEbE1FvK5jZBwnHq27Kc2DsoZj37Xz1%2baBI1o6RSb95vPUJkh8W7%2fIUnd%2b5Zwa8oIY%2bz33KL%2bZlbvHhI5jXCfAWZvoWWhBGl%2boylVuGdK%2bP7NU55fwrAtKn4W8ZVhLQI5GRxFx3lQ%3d%3d&amp;ev=2&amp;action=imp&amp;pageguid=08ecb0d5-ebd5-4064-b910-106f31c6c23c&amp;pid=15c16a4c-1e5a-4c4f-8df4-281d819f3a4b&amp;rn=353120621&amp;hmguid=81cd635e-2ea0-4869-9e19-8845ea2945d6" class="impression-beacon" width="1" height="1"> </article>     <article class="simplified-thumb product thumb-10287021" id="thumb-10287021" data-rollup-id="6000001843865" data-bind="with: selectedVariant('6000001843865')" style="float: left; list-style: none; position: relative; width: 178.25px; margin-right: 20px;"> <a class="product-link" data-bind="click: function() {$root.navigateToPip($data.availability().statusOnline.viewGroceryEligible &amp;&amp; $root.siteExperience() == 'gm', 'https:////cat.criteo.com/beacon?fid=176&amp;hl_qs=VjcOs%2fKKYi3k4XIgbJfVweyrZQMoVlfzDSwjTPQBm6L7J9Zi88H6FyyBfMiYgMuUjrHcBOPUnPnLxrz%2btJPVI4H%2fv6ZBMWzuOD%2bsYB7cK0pp7%2fkEifsCk9oQfAF8mE7EpmgKgt9aeivimawj%2bvXShbWHerFhUk1%2bi9lL0bflNiCPqjZHKj3QjD7I4B4DRnRqAGkQjzzQT8i5RnAzGLbZ7CjPZLnXuDGfrgtzqfpSxME4oDq9cNNMY4sfDs%2fTtwCzbAnfoipNg0jUgeUKmvkxu1pwKMzujGcU%2flDxT7G4lGeMUlVDbpPOdwc1UmH27%2bx5oz2KYuiaoO4UbnNKUNurLxzYZftvBBHBHNHXn2SCRsYDqEzS%2fNcVYVMIakaAqNaDu9lSYQetLPERVQpOzS3RR09pUjWgXW8x21bxdUgMJ7kmDfGiec4Gj%2b%2fteqFWIEX0rjRzFzeS23IeNHsr0tI6HZOIbbeUodx5EpcAJr3J%2bpiwrwK2kb3WASck9SspXOrikih%2fX9z4b%2bPxHNXjGy3EOWp2nXB%2f2ONyklLnoesFPsRqKxIeTsjw4UkIBJypvn5LLQeOukuyXNApMQeqGLi0xK8ESiY4BjMqaexdCv%2bnBHJ1hZpBVSUQ4JjhZMOh%2bm1uYT1e1hgAxWfXhDrHZUBiWdMyhyjMXABZQRxCfy5Euupq5hJ%2fMKo8C0tY%2bJ8wrj9n%2bcmDjg6jWYX%2bPFN28ddUcDpGS4IiBywpEhu2ZbMKTyFljz0%2buLhllzvZIgMv4F%2f18U%2becL07VYpthuTTPMJ5uO2wnRzVaEae%2fUZA4%2b2fm0uDjEOzGxkatjUuqE%2bG3yR7ypkBw8hlrKbsRtNqrMtaf0MzliNcNgeLVEQ1FiSOhSvgsc%2bFDQCnQmDPpS60eb%2bZ1c5oC3O0zNl7OGFjsvsT5k62MF4dCMD2Jrsv8u6DVXkRptVwfg8k0H3tRD63jwHJxVenNde%2bCTt028pfrlHTHnhu0mWJsG52NUNQmN7X%2fQqmlLVLUokI3flES%2byLnc%2bfEe4eOMtHjAEArZDTktCxBD9gV2lXKpluDKdAYm2LTtAYu2S9blaeesIiqF%2fR1bcKEmfS72u4lk5oBMZZc6oJcZPKuTLGt74mbTen8jY3bKDxkRsc759sJtmqu6GmFf4wlapdTt5k7oa3qPfGbpjZC68Hu3Mo37BnXFp%2fPS3yYbAS8k0mdvtOidAvesjy8JH%2bhd43%2bA0Le8qkUxNYJbKcjtJuDzDLuv5b1GwagB1YfFGh6v7l%2b4Ygilt6zT%2f7MpK%2fD8drimJQDzweE2iOzeatsCPgl2wpQxsWYS47CVoql%2bRqSEG3XB5mF0Tuo0BFfOZuZOuxLec1h78KvTJSbVHhEczK%2fSUAosVNzXcweM7S2uaEdRGrmcOyf%2bCPLm7J2SnSItXCC3AjbfvzWHfUwzJydPpZqMRo7%2fwDhNQTqts2na1ucm4PgdlACADqaoF5XVvc&amp;ev=2&amp;action=click&amp;impressionpid=863e7a27-06cc-43f2-9fc8-fe7c4208152d&amp;rn=2097854877&amp;hmguid=81cd635e-2ea0-4869-9e19-8845ea2945d6&amp;dest=https://www.walmart.ca/en/ip/minigo-by-yoplait-strawberrystrawberry-bananastrawberry-vanilla/6000001843865')}, attr: {href: !($data.availability().statusOnline.viewGroceryEligible &amp;&amp; $root.siteExperience() == 'gm') ? 'https:////cat.criteo.com/beacon?fid=176&amp;hl_qs=VjcOs%2fKKYi3k4XIgbJfVweyrZQMoVlfzDSwjTPQBm6L7J9Zi88H6FyyBfMiYgMuUjrHcBOPUnPnLxrz%2btJPVI4H%2fv6ZBMWzuOD%2bsYB7cK0pp7%2fkEifsCk9oQfAF8mE7EpmgKgt9aeivimawj%2bvXShbWHerFhUk1%2bi9lL0bflNiCPqjZHKj3QjD7I4B4DRnRqAGkQjzzQT8i5RnAzGLbZ7CjPZLnXuDGfrgtzqfpSxME4oDq9cNNMY4sfDs%2fTtwCzbAnfoipNg0jUgeUKmvkxu1pwKMzujGcU%2flDxT7G4lGeMUlVDbpPOdwc1UmH27%2bx5oz2KYuiaoO4UbnNKUNurLxzYZftvBBHBHNHXn2SCRsYDqEzS%2fNcVYVMIakaAqNaDu9lSYQetLPERVQpOzS3RR09pUjWgXW8x21bxdUgMJ7kmDfGiec4Gj%2b%2fteqFWIEX0rjRzFzeS23IeNHsr0tI6HZOIbbeUodx5EpcAJr3J%2bpiwrwK2kb3WASck9SspXOrikih%2fX9z4b%2bPxHNXjGy3EOWp2nXB%2f2ONyklLnoesFPsRqKxIeTsjw4UkIBJypvn5LLQeOukuyXNApMQeqGLi0xK8ESiY4BjMqaexdCv%2bnBHJ1hZpBVSUQ4JjhZMOh%2bm1uYT1e1hgAxWfXhDrHZUBiWdMyhyjMXABZQRxCfy5Euupq5hJ%2fMKo8C0tY%2bJ8wrj9n%2bcmDjg6jWYX%2bPFN28ddUcDpGS4IiBywpEhu2ZbMKTyFljz0%2buLhllzvZIgMv4F%2f18U%2becL07VYpthuTTPMJ5uO2wnRzVaEae%2fUZA4%2b2fm0uDjEOzGxkatjUuqE%2bG3yR7ypkBw8hlrKbsRtNqrMtaf0MzliNcNgeLVEQ1FiSOhSvgsc%2bFDQCnQmDPpS60eb%2bZ1c5oC3O0zNl7OGFjsvsT5k62MF4dCMD2Jrsv8u6DVXkRptVwfg8k0H3tRD63jwHJxVenNde%2bCTt028pfrlHTHnhu0mWJsG52NUNQmN7X%2fQqmlLVLUokI3flES%2byLnc%2bfEe4eOMtHjAEArZDTktCxBD9gV2lXKpluDKdAYm2LTtAYu2S9blaeesIiqF%2fR1bcKEmfS72u4lk5oBMZZc6oJcZPKuTLGt74mbTen8jY3bKDxkRsc759sJtmqu6GmFf4wlapdTt5k7oa3qPfGbpjZC68Hu3Mo37BnXFp%2fPS3yYbAS8k0mdvtOidAvesjy8JH%2bhd43%2bA0Le8qkUxNYJbKcjtJuDzDLuv5b1GwagB1YfFGh6v7l%2b4Ygilt6zT%2f7MpK%2fD8drimJQDzweE2iOzeatsCPgl2wpQxsWYS47CVoql%2bRqSEG3XB5mF0Tuo0BFfOZuZOuxLec1h78KvTJSbVHhEczK%2fSUAosVNzXcweM7S2uaEdRGrmcOyf%2bCPLm7J2SnSItXCC3AjbfvzWHfUwzJydPpZqMRo7%2fwDhNQTqts2na1ucm4PgdlACADqaoF5XVvc&amp;ev=2&amp;action=click&amp;impressionpid=863e7a27-06cc-43f2-9fc8-fe7c4208152d&amp;rn=2097854877&amp;hmguid=81cd635e-2ea0-4869-9e19-8845ea2945d6&amp;dest=https://www.walmart.ca/en/ip/minigo-by-yoplait-strawberrystrawberry-bananastrawberry-vanilla/6000001843865' : ''}" href="https:////cat.criteo.com/beacon?fid=176&amp;hl_qs=VjcOs%2fKKYi3k4XIgbJfVweyrZQMoVlfzDSwjTPQBm6L7J9Zi88H6FyyBfMiYgMuUjrHcBOPUnPnLxrz%2btJPVI4H%2fv6ZBMWzuOD%2bsYB7cK0pp7%2fkEifsCk9oQfAF8mE7EpmgKgt9aeivimawj%2bvXShbWHerFhUk1%2bi9lL0bflNiCPqjZHKj3QjD7I4B4DRnRqAGkQjzzQT8i5RnAzGLbZ7CjPZLnXuDGfrgtzqfpSxME4oDq9cNNMY4sfDs%2fTtwCzbAnfoipNg0jUgeUKmvkxu1pwKMzujGcU%2flDxT7G4lGeMUlVDbpPOdwc1UmH27%2bx5oz2KYuiaoO4UbnNKUNurLxzYZftvBBHBHNHXn2SCRsYDqEzS%2fNcVYVMIakaAqNaDu9lSYQetLPERVQpOzS3RR09pUjWgXW8x21bxdUgMJ7kmDfGiec4Gj%2b%2fteqFWIEX0rjRzFzeS23IeNHsr0tI6HZOIbbeUodx5EpcAJr3J%2bpiwrwK2kb3WASck9SspXOrikih%2fX9z4b%2bPxHNXjGy3EOWp2nXB%2f2ONyklLnoesFPsRqKxIeTsjw4UkIBJypvn5LLQeOukuyXNApMQeqGLi0xK8ESiY4BjMqaexdCv%2bnBHJ1hZpBVSUQ4JjhZMOh%2bm1uYT1e1hgAxWfXhDrHZUBiWdMyhyjMXABZQRxCfy5Euupq5hJ%2fMKo8C0tY%2bJ8wrj9n%2bcmDjg6jWYX%2bPFN28ddUcDpGS4IiBywpEhu2ZbMKTyFljz0%2buLhllzvZIgMv4F%2f18U%2becL07VYpthuTTPMJ5uO2wnRzVaEae%2fUZA4%2b2fm0uDjEOzGxkatjUuqE%2bG3yR7ypkBw8hlrKbsRtNqrMtaf0MzliNcNgeLVEQ1FiSOhSvgsc%2bFDQCnQmDPpS60eb%2bZ1c5oC3O0zNl7OGFjsvsT5k62MF4dCMD2Jrsv8u6DVXkRptVwfg8k0H3tRD63jwHJxVenNde%2bCTt028pfrlHTHnhu0mWJsG52NUNQmN7X%2fQqmlLVLUokI3flES%2byLnc%2bfEe4eOMtHjAEArZDTktCxBD9gV2lXKpluDKdAYm2LTtAYu2S9blaeesIiqF%2fR1bcKEmfS72u4lk5oBMZZc6oJcZPKuTLGt74mbTen8jY3bKDxkRsc759sJtmqu6GmFf4wlapdTt5k7oa3qPfGbpjZC68Hu3Mo37BnXFp%2fPS3yYbAS8k0mdvtOidAvesjy8JH%2bhd43%2bA0Le8qkUxNYJbKcjtJuDzDLuv5b1GwagB1YfFGh6v7l%2b4Ygilt6zT%2f7MpK%2fD8drimJQDzweE2iOzeatsCPgl2wpQxsWYS47CVoql%2bRqSEG3XB5mF0Tuo0BFfOZuZOuxLec1h78KvTJSbVHhEczK%2fSUAosVNzXcweM7S2uaEdRGrmcOyf%2bCPLm7J2SnSItXCC3AjbfvzWHfUwzJydPpZqMRo7%2fwDhNQTqts2na1ucm4PgdlACADqaoF5XVvc&amp;ev=2&amp;action=click&amp;impressionpid=863e7a27-06cc-43f2-9fc8-fe7c4208152d&amp;rn=2097854877&amp;hmguid=81cd635e-2ea0-4869-9e19-8845ea2945d6&amp;dest=https://www.walmart.ca/en/ip/minigo-by-yoplait-strawberrystrawberry-bananastrawberry-vanilla/6000001843865"> <div class="badge-container"> <!-- ko template: { name: 'product-badges', if: !!$data.badgesAnalytics(), data: { badges: badges, badgesAnalytics: badgesAnalytics, screenReaderHidden : true } } --><!-- /ko --> <!-- ko ifnot: $data.badgesAnalytics() --> <span class="badge"></span> <!-- /ko --> </div> <div class="centered-img"> <div class="cmp-atc-thmb-wrp"> <span class="cmp-atc-thmb-state">✔</span><span class="cmp-atc-thmb-copy mobile-hide"></span> </div> <div class="centered-img-wrap"> <img alt="" class="image lazy-img" src="data:image/gif;base64,R0lGODlhAQABAIAAAAAAAP///yH5BAEAAAAALAAAAAABAAEAAAIBRAA7" data-original="//i5.walmartimages.ca/images/Thumbnails/020/239/999999-56920020239.jpg?odnBound=200" width="200" height="200"> </div> </div> <div class="product-details-container"> <div class="details"> <div class="title" aria-label="Minigo by Yoplait Strawberry/Strawberry-Banana/Strawberry-Vanilla."> <h2 class="thumb-header">Minigo by Yoplait Strawberry/Strawberry-Banana/Strawberry-Vanilla</h2> </div> <div class="fade"></div> </div> <!-- ko template: { name: 'product-badges', if: !!$data.badgesAnalytics(), data: { badges: badges, badgesAnalytics: badgesAnalytics, screenReaderHidden : false } } --><!-- /ko --> <div class="ratings"> <div class="stars rating-0_0" aria-label="This product has not been rated." data-bind="template: { name: 'star-ratings' }">
	 <i class="star"></i>  <i class="star"></i>  <i class="star"></i>  <i class="star"></i>  <i class="star"></i> 
</div> <span class="review-count" aria-label="This product hasn’t been reviewed.">0 Reviews</span> <div class="fade"></div> </div> <span class="all-price-sections"> <!-- ko ifnot: availability().pricing.mapPrice --> <div class="only-for-screen-reader" id="price">Price</div> <!-- ko if: $data.availability().pricing.curPrice > 0 && !$data.availability().pricing.ranged--> <div class="price-current" data-bind="component: { name: 'current-pricing', params: availability().pricing }"><div data-bind="possibleRangedCurrencyText: { data: price, simpleFormatting: simpleFormatting } "><sup>$</sup>2<span class="visually-hidden">.</span><sup>77</sup></div><div data-bind="template: {name: &quot;analytics-price-template&quot;, data: price, afterRender: $root.initVariableWeightPopup }">
	<span style="display:none;" data-analytics-type="product-price" class="product-price-analytics" data-analytics-value="2.77" data-bind="attr: { 'data-analytics-value': $data }">
	</span>
</div></div> <!-- /ko --> <!-- ko if: $data.availability().pricing.ranged --><!-- /ko --> <!-- ko ifnot: $data.availability().pricing.curPrice --><!-- /ko --> <!-- /ko --> <!-- ko if: availability().pricing.mapPrice --><!-- /ko --> <div class="pricing-spacer" data-bind="component: { name: 'was-pricing', params: availability().pricing }"><div class="price-was" data-bind="html: wasPriceDisplay"></div><div class="price-cover"></div><div class="price-cover-percent"></div><div class="price-unit" data-bind="template: {name: &quot;price-per-unit-tooltip-template&quot;, data: pricePerUnit, afterRender: $root.initPricingPopup }">
	<a class="popup-opener popup-align-left price-unit-tooltip" data-title-headline="" data-title="This is a unit of measurement to help you compare the value of this item. Please know, this is not the price of the item itself." data-bind="text: $data, attr:{'aria-label' : '. Price is measured as ' + $data}" aria-label=". Price is measured as 77¢/100g">77¢/100g</a>
</div></div> </span> <div class="availability-messages"> <div class="availability-online available" data-bind="css: {available: (availability().status === 'Available') || (availability().status === 'AcceptingPreorder'), 'not-available': (availability().status === 'NotSold') || (availability().status === 'OutOfStock') || (availability().status === 'NotEligible')}"> <!-- ko if: $data.availability().status !== 'OutOfStock' && $data.availability().status !== 'Available' && $data.availability().status !== 'AcceptingPreorder'--><!-- /ko --> <!-- ko if: $data.availability().status === 'Available' || $data.availability().status === 'AcceptingPreorder'--> <span title="Available online">Available online</span> <!-- /ko --> <!-- ko if: $data.availability().status === 'OutOfStock'--><!-- /ko --> </div> <div class="availability-in-store available" title="Available in stores"> Available in stores </div> </div> </div> </a> <div class="CTA-container"> <!-- ko template: { name: 'a2c-or-next-order-button', data: { selectedVariant: $data, amendableOrder: $data.amendableOrder(), CTA: $data.CTA(), viewGrocery: $data.availability().statusOnline.viewGroceryEligible && $root.siteExperience() == "gm", detailUrl: "https:////cat.criteo.com/beacon?fid=176&amp;hl_qs=VjcOs%2fKKYi3k4XIgbJfVweyrZQMoVlfzDSwjTPQBm6L7J9Zi88H6FyyBfMiYgMuUjrHcBOPUnPnLxrz%2btJPVI4H%2fv6ZBMWzuOD%2bsYB7cK0pp7%2fkEifsCk9oQfAF8mE7EpmgKgt9aeivimawj%2bvXShbWHerFhUk1%2bi9lL0bflNiCPqjZHKj3QjD7I4B4DRnRqAGkQjzzQT8i5RnAzGLbZ7CjPZLnXuDGfrgtzqfpSxME4oDq9cNNMY4sfDs%2fTtwCzbAnfoipNg0jUgeUKmvkxu1pwKMzujGcU%2flDxT7G4lGeMUlVDbpPOdwc1UmH27%2bx5oz2KYuiaoO4UbnNKUNurLxzYZftvBBHBHNHXn2SCRsYDqEzS%2fNcVYVMIakaAqNaDu9lSYQetLPERVQpOzS3RR09pUjWgXW8x21bxdUgMJ7kmDfGiec4Gj%2b%2fteqFWIEX0rjRzFzeS23IeNHsr0tI6HZOIbbeUodx5EpcAJr3J%2bpiwrwK2kb3WASck9SspXOrikih%2fX9z4b%2bPxHNXjGy3EOWp2nXB%2f2ONyklLnoesFPsRqKxIeTsjw4UkIBJypvn5LLQeOukuyXNApMQeqGLi0xK8ESiY4BjMqaexdCv%2bnBHJ1hZpBVSUQ4JjhZMOh%2bm1uYT1e1hgAxWfXhDrHZUBiWdMyhyjMXABZQRxCfy5Euupq5hJ%2fMKo8C0tY%2bJ8wrj9n%2bcmDjg6jWYX%2bPFN28ddUcDpGS4IiBywpEhu2ZbMKTyFljz0%2buLhllzvZIgMv4F%2f18U%2becL07VYpthuTTPMJ5uO2wnRzVaEae%2fUZA4%2b2fm0uDjEOzGxkatjUuqE%2bG3yR7ypkBw8hlrKbsRtNqrMtaf0MzliNcNgeLVEQ1FiSOhSvgsc%2bFDQCnQmDPpS60eb%2bZ1c5oC3O0zNl7OGFjsvsT5k62MF4dCMD2Jrsv8u6DVXkRptVwfg8k0H3tRD63jwHJxVenNde%2bCTt028pfrlHTHnhu0mWJsG52NUNQmN7X%2fQqmlLVLUokI3flES%2byLnc%2bfEe4eOMtHjAEArZDTktCxBD9gV2lXKpluDKdAYm2LTtAYu2S9blaeesIiqF%2fR1bcKEmfS72u4lk5oBMZZc6oJcZPKuTLGt74mbTen8jY3bKDxkRsc759sJtmqu6GmFf4wlapdTt5k7oa3qPfGbpjZC68Hu3Mo37BnXFp%2fPS3yYbAS8k0mdvtOidAvesjy8JH%2bhd43%2bA0Le8qkUxNYJbKcjtJuDzDLuv5b1GwagB1YfFGh6v7l%2b4Ygilt6zT%2f7MpK%2fD8drimJQDzweE2iOzeatsCPgl2wpQxsWYS47CVoql%2bRqSEG3XB5mF0Tuo0BFfOZuZOuxLec1h78KvTJSbVHhEczK%2fSUAosVNzXcweM7S2uaEdRGrmcOyf%2bCPLm7J2SnSItXCC3AjbfvzWHfUwzJydPpZqMRo7%2fwDhNQTqts2na1ucm4PgdlACADqaoF5XVvc&amp;ev=2&amp;action=click&amp;impressionpid=863e7a27-06cc-43f2-9fc8-fe7c4208152d&amp;rn=2097854877&amp;hmguid=81cd635e-2ea0-4869-9e19-8845ea2945d6&amp;dest=https://www.walmart.ca/en/ip/minigo-by-yoplait-strawberrystrawberry-bananastrawberry-vanilla/6000001843865", trackingUrl: "", clickBeacon: "//cat.criteo.com/beacon?fid=176&amp;hl_qs=VjcOs%2fKKYi3k4XIgbJfVweyrZQMoVlfzDSwjTPQBm6L7J9Zi88H6FyyBfMiYgMuUjrHcBOPUnPnLxrz%2btJPVI4H%2fv6ZBMWzuOD%2bsYB7cK0pp7%2fkEifsCk9oQfAF8mE7EpmgKgt9aeivimawj%2bvXShbWHerFhUk1%2bi9lL0bflNiCPqjZHKj3QjD7I4B4DRnRqAGkQjzzQT8i5RnAzGLbZ7CjPZLnXuDGfrgtzqfpSxME4oDq9cNNMY4sfDs%2fTtwCzbAnfoipNg0jUgeUKmvkxu1pwKMzujGcU%2flDxT7G4lGeMUlVDbpPOdwc1UmH27%2bx5oz2KYuiaoO4UbnNKUNurLxzYZftvBBHBHNHXn2SCRsYDqEzS%2fNcVYVMIakaAqNaDu9lSYQetLPERVQpOzS3RR09pUjWgXW8x21bxdUgMJ7kmDfGiec4Gj%2b%2fteqFWIEX0rjRzFzeS23IeNHsr0tI6HZOIbbeUodx5EpcAJr3J%2bpiwrwK2kb3WASck9SspXOrikih%2fX9z4b%2bPxHNXjGy3EOWp2nXB%2f2ONyklLnoesFPsRqKxIeTsjw4UkIBJypvn5LLQeOukuyXNApMQeqGLi0xK8ESiY4BjMqaexdCv%2bnBHJ1hZpBVSUQ4JjhZMOh%2bm1uYT1e1hgAxWfXhDrHZUBiWdMyhyjMXABZQRxCfy5Euupq5hJ%2fMKo8C0tY%2bJ8wrj9nrc6ztbH32W5lsI3wQU%2bWdUTXTSvYOssjHm6F9S%2bVvyqQKPZy7c5PNtjXwjKE6ZUa4xpG7tRAAs5XuKlSVPj%2fdGQxMMyr%2b8rOscB3zAwSlYimPZxmQRSgo1y2tDR8%2f%2fUHL6R%2fe8VjwVFR8UYO%2fI3qepLa9wnz4qbL29ewDZeci1iM82ZOmYZyJFVVy5sROp0xUq8t3dzdAJhV5lv5OxluvqGZVH7C5qkjuxqNO9eXm244v%2biduYpCbWXnUu5%2bFR4fnDxY3xqPKlN80Vh8F3qXia4Ov6LwfH6uyC1vL32erjJYPsyr68QGKs%2bDBNX1YLu4lOj3Noxg1T3aR1rNHyYvgwMpt9%2bSo166ZvZrlmIMP5c%2fTwZaTlWiA%2fVO3YojOklcrVX1acPCGUdCUcln5xMBJAvmhmPXk3RaUHIoZxy%2fUpMTOJI%2fKMWsb2d88i7WxtCE7XAb7tCfy32GyQk6UV6p5IZcW4XU%2b%2bsuDivtGO6vDf1rTE52JtcVtzL8uFlMSHyyMXOFjm%2bfxcIJxX2SOOgg9JG4q5sb9JxVXzHsm7OGD7CgXEoyWw0iPBAHAVYIkCR5MqSMknSfJ%2bxjw77v9zOfUkH7hq5XOaS3g6gCcMYk47Hzqxe9XlOvOPpDEVYSnrhB6iXc6IVgcjdYfQ5K2yDxsgiSNTavbc%2fNZbEP2C88C%2ftJZz4vZl1shEikWenFXYQglqSchbtkLnx7s0GWEWQZ%2b%2b%2bv0eOuK35dOTe0rt28SNYYsZII%2bnMqVP6ppnPSIkB%2b&amp;ev=2&amp;action=click&amp;impressionpid=863e7a27-06cc-43f2-9fc8-fe7c4208152d&amp;rn=228460615&amp;hmguid=81cd635e-2ea0-4869-9e19-8845ea2945d6" } } -->
	<!-- ko if: $data.amendableOrder.allCallsAreSynchronized -->
		<!-- ko if: $data.amendableOrder.show --><!-- /ko -->

		<!-- ko ifnot: $data.amendableOrder.show -->

			
			<!-- ko if: $data.CTA.hasAvailableStatus && !!$data.CTA.text && !$data.viewGrocery -->
			<button class="button add-to-cart-btn limited-stock" data-bind="visible: $data.CTA.hasAvailableStatus, show: (!!$data.CTA.text), css: $data.CTA.status, attr: { 'data-click-tracking-url': $data.trackingUrl, 'data-click-beacon': $data.clickBeacon, 'aria-label': $data.CTA.status + ', ' + $data.CTA.text}" data-click-tracking-url="" data-click-beacon="//cat.criteo.com/beacon?fid=176&amp;amp;hl_qs=VjcOs%2fKKYi3k4XIgbJfVweyrZQMoVlfzDSwjTPQBm6L7J9Zi88H6FyyBfMiYgMuUjrHcBOPUnPnLxrz%2btJPVI4H%2fv6ZBMWzuOD%2bsYB7cK0pp7%2fkEifsCk9oQfAF8mE7EpmgKgt9aeivimawj%2bvXShbWHerFhUk1%2bi9lL0bflNiCPqjZHKj3QjD7I4B4DRnRqAGkQjzzQT8i5RnAzGLbZ7CjPZLnXuDGfrgtzqfpSxME4oDq9cNNMY4sfDs%2fTtwCzbAnfoipNg0jUgeUKmvkxu1pwKMzujGcU%2flDxT7G4lGeMUlVDbpPOdwc1UmH27%2bx5oz2KYuiaoO4UbnNKUNurLxzYZftvBBHBHNHXn2SCRsYDqEzS%2fNcVYVMIakaAqNaDu9lSYQetLPERVQpOzS3RR09pUjWgXW8x21bxdUgMJ7kmDfGiec4Gj%2b%2fteqFWIEX0rjRzFzeS23IeNHsr0tI6HZOIbbeUodx5EpcAJr3J%2bpiwrwK2kb3WASck9SspXOrikih%2fX9z4b%2bPxHNXjGy3EOWp2nXB%2f2ONyklLnoesFPsRqKxIeTsjw4UkIBJypvn5LLQeOukuyXNApMQeqGLi0xK8ESiY4BjMqaexdCv%2bnBHJ1hZpBVSUQ4JjhZMOh%2bm1uYT1e1hgAxWfXhDrHZUBiWdMyhyjMXABZQRxCfy5Euupq5hJ%2fMKo8C0tY%2bJ8wrj9nrc6ztbH32W5lsI3wQU%2bWdUTXTSvYOssjHm6F9S%2bVvyqQKPZy7c5PNtjXwjKE6ZUa4xpG7tRAAs5XuKlSVPj%2fdGQxMMyr%2b8rOscB3zAwSlYimPZxmQRSgo1y2tDR8%2f%2fUHL6R%2fe8VjwVFR8UYO%2fI3qepLa9wnz4qbL29ewDZeci1iM82ZOmYZyJFVVy5sROp0xUq8t3dzdAJhV5lv5OxluvqGZVH7C5qkjuxqNO9eXm244v%2biduYpCbWXnUu5%2bFR4fnDxY3xqPKlN80Vh8F3qXia4Ov6LwfH6uyC1vL32erjJYPsyr68QGKs%2bDBNX1YLu4lOj3Noxg1T3aR1rNHyYvgwMpt9%2bSo166ZvZrlmIMP5c%2fTwZaTlWiA%2fVO3YojOklcrVX1acPCGUdCUcln5xMBJAvmhmPXk3RaUHIoZxy%2fUpMTOJI%2fKMWsb2d88i7WxtCE7XAb7tCfy32GyQk6UV6p5IZcW4XU%2b%2bsuDivtGO6vDf1rTE52JtcVtzL8uFlMSHyyMXOFjm%2bfxcIJxX2SOOgg9JG4q5sb9JxVXzHsm7OGD7CgXEoyWw0iPBAHAVYIkCR5MqSMknSfJ%2bxjw77v9zOfUkH7hq5XOaS3g6gCcMYk47Hzqxe9XlOvOPpDEVYSnrhB6iXc6IVgcjdYfQ5K2yDxsgiSNTavbc%2fNZbEP2C88C%2ftJZz4vZl1shEikWenFXYQglqSchbtkLnx7s0GWEWQZ%2b%2b%2bv0eOuK35dOTe0rt28SNYYsZII%2bnMqVP6ppnPSIkB%2b&amp;amp;ev=2&amp;amp;action=click&amp;amp;impressionpid=863e7a27-06cc-43f2-9fc8-fe7c4208152d&amp;amp;rn=228460615&amp;amp;hmguid=81cd635e-2ea0-4869-9e19-8845ea2945d6" aria-label="limited-stock, Add to cart">
				<span class="ribbon-arrow" data-bind="html: $data.CTA.ribbonText, show: $data.CTA.ribbon">Limited Stock</span>
				<span class="btn-txt" data-bind="text: $data.CTA.text">Add to cart</span>
				<span class="loading-icon"></span>
			</button>
			<!-- /ko -->

			
			<!-- ko if: !$data.CTA.hasAvailableStatus && !!$data.CTA.text --><!-- /ko -->

			
			<!-- ko if: !$data.CTA.hasAvailableStatus && !$data.CTA.text --><!--/ko-->

			
			<!-- ko if: $data.CTA.hasAvailableStatus && !!$data.CTA.text  && $data.viewGrocery --><!-- /ko -->

		<!-- /ko -->

		<input type="hidden" data-bind="attr: { 'data-analytics-status-online': $data.selectedVariant.availability().statusOnline.status }" data-analytics-status-online="Available">
		<input type="hidden" data-bind="attr: { 'data-analytics-status-store': $data.selectedVariant.availability().statusStore.status }" data-analytics-status-store="">

	<!-- /ko -->
<!-- /ko --> <div class="drop-down-list hide"> <button type="button" class="drop-down-button button-list"> <span class="loading-icon"></span> Add to list </button> </div> <div class="drop-down-button-container drop-down-registry hide"> <button type="button" class="drop-down-button button-list"> <span class="loading-icon"></span> Add to registry </button> </div> </div> <input type="hidden" class="numSkus" value="1"> <input type="hidden" class="primary_parent_id" value="6000195507614"> <input type="hidden" class="categoryID" value="6000195507614"> <input type="hidden" class="productRollupID" value="6000001843865"> <input type="hidden" class="productID" value="10287021"> <input type="hidden" class="productSkus" value="{&quot;productid&quot;:&quot;10287021&quot;,&quot;skus&quot;:[[{&quot;skuid&quot;:&quot;10287021&quot;,&quot;minOrderQuantity&quot;:1,&quot;status&quot;:&quot;&quot;,&quot;eligibility_type&quot;:&quot;&quot;,&quot;date&quot;:&quot;&quot;,&quot;mfgr_sugd_rtl_amt&quot;:&quot;&quot;,&quot;price_comparison_qty&quot;:&quot;&quot;,&quot;price_comparison_unit&quot;:&quot;GR&quot;}]]}"> <input type="hidden" class="productQueryData" value="{&quot;6000001843865&quot;:[{&quot;sku&quot;:&quot;10287021&quot;,&quot;upc&quot;:[]}]}"> <input type="hidden" class="offerID" data-bind="attr: { value: $data.offerId }" value="10287021"> <input type="hidden" class="minOrderQuantity" data-bind="attr: { value: $root.variantMinQuantity('10287021', '10287021') }" value="1"> <img src="//b.da.us.criteo.com/beacon?fid=176&amp;hl_qs=VjcOs%2fKKYi3k4XIgbJfVweyrZQMoVlfzDSwjTPQBm6L7J9Zi88H6FyyBfMiYgMuUjrHcBOPUnPnLxrz%2btJPVI4H%2fv6ZBMWzuOD%2bsYB7cK0pp7%2fkEifsCk9oQfAF8mE7EpmgKgt9aeivimawj%2bvXShbWHerFhUk1%2bi9lL0bflNiCPqjZHKj3QjD7I4B4DRnRqAGkQjzzQT8i5RnAzGLbZ7CjPZLnXuDGfrgtzqfpSxME4oDq9cNNMY4sfDs%2fTtwCzbAnfoipNg0jUgeUKmvkxu1pwKMzujGcU%2flDxT7G4lGe5n2OG3vh7DX9%2fE99TRibPCY7ci095z9%2b5ZaycInvST5p4JcAvFc8k9XLzoU8BvVb7U0xnDQhtYtg2IJ0MRNSiouo1UdIIPPFWJkjDL7evYx5T0PFmNkPQl%2fhboFsOU29IbgShh2soEyq0OJ45oSLZAiKXjwvGVDXG%2f%2bZQrVbaACfzm1QlsUSVUYfauaR66Mj3EoNm%2fMvKKlCgXpAeDNSmhk1DU%2fR9GgwTZJDtbEF87c3J5mb6pzLZvVmJ2kJp9bUeSLHaLXQjwrNFgUKG7SB%2fGSGWVdSQK1KaKTGvyspcxQJNS%2fZvU%2b%2bVk1IK9mYmzMP8P6IjJ6GcG53BBVZsUkb%2br%2bC3MLwgsJHPy1fCs52UL7nMLRevN9ue6jCdPtrCIMhNgq%2bFYOQGAMPhudN3yl%2fMCOddounZjO9tnH%2fWKXfAYq%2bHrWb1Cv0rYUxkbpq8%2bT0ZkN%2f32JPPNI8rD1HnhBpMot%2bezXyb65v1nH6DPpqKCoMbmivIDrgh%2biMHcA0PYp87y8JG3CMy4d3XDbkVCcDutBe978WVwoUuAy3zIh%2bnOJ%2bYURa1fUgU3m8AO6jRQAgjK6blXxhfcSVoAmXzen1ucN5iAngU4Abs%2fb7uGhdYftA6nkhcH2GxfA%2bhSP9WUFZcI9JCj82jKyhICGzKXT3Sy5KF04J9qBwTlvltd2wenDOXrwe7NbmxBiajsm3zwrCTAjcmGGp6RRBFUIznhBRhxdhyb2IQ3w1CpBj%2fni0ASrXSdfnowxya11JjxrasqtGVrphq3ltN8OdodDC3FkTHBhKFfmK2xr%2bkCpKEZJ7bY40l8quPjptOf06BnOLgw0Dev7huBpkOCWPuFRcM1%2bZlrvt9L%2flBx%2fdmeYohe%2bClaGK3KkoYZCW%2bHMXZsVKm78223YHSxGTmfsiUmxcRYSZQJIqBVc7rGl6P3JJksM3oa286QnIfqlAY1qf3QOjC3Uv245nmngKe0LeWa0KMUaDUKwE%2bxyck6XsxRttdcDLodnhSEDDeBLJ1uj1u%2fT1aNAD%2bySExiRoOxcIWmXQDUX26t4KxVdCm3pn5SsiF14eJXmx7%2fbPj2flMzksZ1TXj4TcAylPf57bdX%2fZGh9pKEZmmHal88iqHkLQB7ADgFdD3L6UO6opCDVrVMKY5wIs4ae31drd1i%2b5GWsaODkty6Tp8XF7nGYtjXsm5HYPodAV77exas0ox1Gj1k%2fwipkg75430SKcr6Ily6SRODbOhI5OPeF0b6SI%2bOWkr7201M%2fNI4Q%3d%3d&amp;ev=2&amp;action=imp&amp;pageguid=08ecb0d5-ebd5-4064-b910-106f31c6c23c&amp;pid=863e7a27-06cc-43f2-9fc8-fe7c4208152d&amp;rn=699808833&amp;hmguid=81cd635e-2ea0-4869-9e19-8845ea2945d6" class="impression-beacon" width="1" height="1"> </article>     <article class="simplified-thumb product thumb-6000196719359 rightmost-visible-items" id="thumb-6000196719359" data-rollup-id="6000196719358" data-bind="with: selectedVariant('6000196719358')" style="float: left; list-style: none; position: relative; width: 178.25px; margin-right: 20px;"> <a class="product-link" data-bind="click: function() {$root.navigateToPip($data.availability().statusOnline.viewGroceryEligible &amp;&amp; $root.siteExperience() == 'gm', 'https:////cat.criteo.com/beacon?fid=176&amp;hl_qs=VjcOs%2fKKYi3k4XIgbJfVweyrZQMoVlfzDSwjTPQBm6LIpas8A3AyhFPe8iCr3tO0YRxLLuSoPHhiQPkZrAH1qr9zSZgvffEOVTTEtBeFZHeKzWmTPAuoEekid%2ffVb2xaZi14zens467YQ8eF3EhabWz5SzQTdcR3RGo5mBlXMQ9iPx4H9yDq3CyeJkPC0YgxrnXpU5kBjuKJWfor5kmAKmUn1aY4nSpHX3oS3WiZeqYt1MA%2bYVTqHbok5GKdfICgJqtnlkGPMr3Z4cBSPfd1%2fGcAicceHuFnMX7hmQ3GXbtjDXFZXlzrcjimWUnklBt1%2btvv%2bynbgwNd9zE%2fXbaSEIMrPWe82urx5MD8z55gEEF3VFaUlzfBQRixMdML5pXvley0DkWz3zjOmgUSFdXQIvxjyYIAy2nKuDVnPhqGCjwwv6pkdUMJ76sPyxN%2bYg%2fkBMWlT8f6n%2bOrg4BkHcVAsxQ8tcfOK7%2ftBJNO0iA6LMjo7BxCULkPE1g9st7DHfpuSb%2bjSR36iUfipL4Y6OQ82G%2fB%2fAhdyYtuKkF67zGK8oh7fEfpBj%2bAavmvVxRLc0U6pUso2MPcoYRTrP9H4zkVF50%2f3qcsUBVf8mPyKUGwi6j7w29ocrnJIYaX53pmXEtVbF5k99fEFveoqOTN3Gg%2fOHdnWuk%2fpskg7HXNqcUGouhhTHJ9cYdhxy8X3y4Do9NaKlsdQHOtQ2XYYCoAeRGXOdM0XnWnK3oSD0XziIwkSBsE8CCogzbUqwnzIYJWZCOSvB6KWuSKFe0dN2jptCaLzQ9qO2D9JRlmb%2fiznRbWgh4zHCNLZTouMXOyIazm81G%2baeanWUZLCXdRgd0esb0OcXjvWaeO5vDDfvsypbtq5ekCDwOY31FmJNpVzrrd8c1DSqjlNTxp9FXXbmq2IQEzkcxeAgNZVzgHz19YNwFd8dHgM7An7SF27Q%2fUSN%2bvV7eDa17qdSMh3vqI8%2fOC3d8l58cgHoTQZERIljfpFjjF6xkdVkj3H0tjtIT%2bdUpkoGBoRh2IVjTm6CZXVv0CIh9Gdk6nGn%2bnrDw%2bET1RRVLD%2fxUQFVn9ad57rXA4hmYKYl%2bnmCndr5K37yQ0fUkS0FRNNGar52D3kOAXVZlPUh%2b7Mmz7DFWKHLM1LDt1zoB1AWYKNqO2tiSubhvFsWSUPWYYwkG8Vn50Fantoyi6l97hKHJRv93NWYoZl5mW41Q8i3%2b9JhiSCcj5np8ojYzOfEu1xnqIHjlszNv%2bROzkMSGxUNXVubI83QqrMUtHB%2fvMdS%2bY0hpqydfDSuQH2ygdQxbl3Ld7FAP1F%2bHiFlNAqk%2fdVS4McOyQiAfOeg%2bfNjJEuZbHzguJDLhbF%2fQj8kbcrPEga2JlrR4jzCKcT8ns3HYgsfmnLgzFE7T7bitif7myaFkrEnHMMdrCPss9pHvveTlVW34DiuHQX6sABBdNCWCRX98nUkPMcwON1Mofw%2bUGb9IVOViUebPzEn7kP6CokZJ1elB%2fBK8EFuJimH%2bpLxtITSY%3d&amp;ev=2&amp;action=click&amp;impressionpid=4a382a24-a90b-42d6-acbf-7004c1b4da8a&amp;rn=761054955&amp;hmguid=81cd635e-2ea0-4869-9e19-8845ea2945d6&amp;dest=https://www.walmart.ca/en/ip/oikos-greek-yogurt-plain-2-mf-750g/6000196719358')}, attr: {href: !($data.availability().statusOnline.viewGroceryEligible &amp;&amp; $root.siteExperience() == 'gm') ? 'https:////cat.criteo.com/beacon?fid=176&amp;hl_qs=VjcOs%2fKKYi3k4XIgbJfVweyrZQMoVlfzDSwjTPQBm6LIpas8A3AyhFPe8iCr3tO0YRxLLuSoPHhiQPkZrAH1qr9zSZgvffEOVTTEtBeFZHeKzWmTPAuoEekid%2ffVb2xaZi14zens467YQ8eF3EhabWz5SzQTdcR3RGo5mBlXMQ9iPx4H9yDq3CyeJkPC0YgxrnXpU5kBjuKJWfor5kmAKmUn1aY4nSpHX3oS3WiZeqYt1MA%2bYVTqHbok5GKdfICgJqtnlkGPMr3Z4cBSPfd1%2fGcAicceHuFnMX7hmQ3GXbtjDXFZXlzrcjimWUnklBt1%2btvv%2bynbgwNd9zE%2fXbaSEIMrPWe82urx5MD8z55gEEF3VFaUlzfBQRixMdML5pXvley0DkWz3zjOmgUSFdXQIvxjyYIAy2nKuDVnPhqGCjwwv6pkdUMJ76sPyxN%2bYg%2fkBMWlT8f6n%2bOrg4BkHcVAsxQ8tcfOK7%2ftBJNO0iA6LMjo7BxCULkPE1g9st7DHfpuSb%2bjSR36iUfipL4Y6OQ82G%2fB%2fAhdyYtuKkF67zGK8oh7fEfpBj%2bAavmvVxRLc0U6pUso2MPcoYRTrP9H4zkVF50%2f3qcsUBVf8mPyKUGwi6j7w29ocrnJIYaX53pmXEtVbF5k99fEFveoqOTN3Gg%2fOHdnWuk%2fpskg7HXNqcUGouhhTHJ9cYdhxy8X3y4Do9NaKlsdQHOtQ2XYYCoAeRGXOdM0XnWnK3oSD0XziIwkSBsE8CCogzbUqwnzIYJWZCOSvB6KWuSKFe0dN2jptCaLzQ9qO2D9JRlmb%2fiznRbWgh4zHCNLZTouMXOyIazm81G%2baeanWUZLCXdRgd0esb0OcXjvWaeO5vDDfvsypbtq5ekCDwOY31FmJNpVzrrd8c1DSqjlNTxp9FXXbmq2IQEzkcxeAgNZVzgHz19YNwFd8dHgM7An7SF27Q%2fUSN%2bvV7eDa17qdSMh3vqI8%2fOC3d8l58cgHoTQZERIljfpFjjF6xkdVkj3H0tjtIT%2bdUpkoGBoRh2IVjTm6CZXVv0CIh9Gdk6nGn%2bnrDw%2bET1RRVLD%2fxUQFVn9ad57rXA4hmYKYl%2bnmCndr5K37yQ0fUkS0FRNNGar52D3kOAXVZlPUh%2b7Mmz7DFWKHLM1LDt1zoB1AWYKNqO2tiSubhvFsWSUPWYYwkG8Vn50Fantoyi6l97hKHJRv93NWYoZl5mW41Q8i3%2b9JhiSCcj5np8ojYzOfEu1xnqIHjlszNv%2bROzkMSGxUNXVubI83QqrMUtHB%2fvMdS%2bY0hpqydfDSuQH2ygdQxbl3Ld7FAP1F%2bHiFlNAqk%2fdVS4McOyQiAfOeg%2bfNjJEuZbHzguJDLhbF%2fQj8kbcrPEga2JlrR4jzCKcT8ns3HYgsfmnLgzFE7T7bitif7myaFkrEnHMMdrCPss9pHvveTlVW34DiuHQX6sABBdNCWCRX98nUkPMcwON1Mofw%2bUGb9IVOViUebPzEn7kP6CokZJ1elB%2fBK8EFuJimH%2bpLxtITSY%3d&amp;ev=2&amp;action=click&amp;impressionpid=4a382a24-a90b-42d6-acbf-7004c1b4da8a&amp;rn=761054955&amp;hmguid=81cd635e-2ea0-4869-9e19-8845ea2945d6&amp;dest=https://www.walmart.ca/en/ip/oikos-greek-yogurt-plain-2-mf-750g/6000196719358' : ''}" href="https:////cat.criteo.com/beacon?fid=176&amp;hl_qs=VjcOs%2fKKYi3k4XIgbJfVweyrZQMoVlfzDSwjTPQBm6LIpas8A3AyhFPe8iCr3tO0YRxLLuSoPHhiQPkZrAH1qr9zSZgvffEOVTTEtBeFZHeKzWmTPAuoEekid%2ffVb2xaZi14zens467YQ8eF3EhabWz5SzQTdcR3RGo5mBlXMQ9iPx4H9yDq3CyeJkPC0YgxrnXpU5kBjuKJWfor5kmAKmUn1aY4nSpHX3oS3WiZeqYt1MA%2bYVTqHbok5GKdfICgJqtnlkGPMr3Z4cBSPfd1%2fGcAicceHuFnMX7hmQ3GXbtjDXFZXlzrcjimWUnklBt1%2btvv%2bynbgwNd9zE%2fXbaSEIMrPWe82urx5MD8z55gEEF3VFaUlzfBQRixMdML5pXvley0DkWz3zjOmgUSFdXQIvxjyYIAy2nKuDVnPhqGCjwwv6pkdUMJ76sPyxN%2bYg%2fkBMWlT8f6n%2bOrg4BkHcVAsxQ8tcfOK7%2ftBJNO0iA6LMjo7BxCULkPE1g9st7DHfpuSb%2bjSR36iUfipL4Y6OQ82G%2fB%2fAhdyYtuKkF67zGK8oh7fEfpBj%2bAavmvVxRLc0U6pUso2MPcoYRTrP9H4zkVF50%2f3qcsUBVf8mPyKUGwi6j7w29ocrnJIYaX53pmXEtVbF5k99fEFveoqOTN3Gg%2fOHdnWuk%2fpskg7HXNqcUGouhhTHJ9cYdhxy8X3y4Do9NaKlsdQHOtQ2XYYCoAeRGXOdM0XnWnK3oSD0XziIwkSBsE8CCogzbUqwnzIYJWZCOSvB6KWuSKFe0dN2jptCaLzQ9qO2D9JRlmb%2fiznRbWgh4zHCNLZTouMXOyIazm81G%2baeanWUZLCXdRgd0esb0OcXjvWaeO5vDDfvsypbtq5ekCDwOY31FmJNpVzrrd8c1DSqjlNTxp9FXXbmq2IQEzkcxeAgNZVzgHz19YNwFd8dHgM7An7SF27Q%2fUSN%2bvV7eDa17qdSMh3vqI8%2fOC3d8l58cgHoTQZERIljfpFjjF6xkdVkj3H0tjtIT%2bdUpkoGBoRh2IVjTm6CZXVv0CIh9Gdk6nGn%2bnrDw%2bET1RRVLD%2fxUQFVn9ad57rXA4hmYKYl%2bnmCndr5K37yQ0fUkS0FRNNGar52D3kOAXVZlPUh%2b7Mmz7DFWKHLM1LDt1zoB1AWYKNqO2tiSubhvFsWSUPWYYwkG8Vn50Fantoyi6l97hKHJRv93NWYoZl5mW41Q8i3%2b9JhiSCcj5np8ojYzOfEu1xnqIHjlszNv%2bROzkMSGxUNXVubI83QqrMUtHB%2fvMdS%2bY0hpqydfDSuQH2ygdQxbl3Ld7FAP1F%2bHiFlNAqk%2fdVS4McOyQiAfOeg%2bfNjJEuZbHzguJDLhbF%2fQj8kbcrPEga2JlrR4jzCKcT8ns3HYgsfmnLgzFE7T7bitif7myaFkrEnHMMdrCPss9pHvveTlVW34DiuHQX6sABBdNCWCRX98nUkPMcwON1Mofw%2bUGb9IVOViUebPzEn7kP6CokZJ1elB%2fBK8EFuJimH%2bpLxtITSY%3d&amp;ev=2&amp;action=click&amp;impressionpid=4a382a24-a90b-42d6-acbf-7004c1b4da8a&amp;rn=761054955&amp;hmguid=81cd635e-2ea0-4869-9e19-8845ea2945d6&amp;dest=https://www.walmart.ca/en/ip/oikos-greek-yogurt-plain-2-mf-750g/6000196719358"> <div class="badge-container"> <!-- ko template: { name: 'product-badges', if: !!$data.badgesAnalytics(), data: { badges: badges, badgesAnalytics: badgesAnalytics, screenReaderHidden : true } } --><!-- /ko --> <!-- ko ifnot: $data.badgesAnalytics() --> <span class="badge"></span> <!-- /ko --> </div> <div class="centered-img"> <div class="cmp-atc-thmb-wrp"> <span class="cmp-atc-thmb-state">✔</span><span class="cmp-atc-thmb-copy mobile-hide"></span> </div> <div class="centered-img-wrap"> <img alt="" class="image lazy-img" src="data:image/gif;base64,R0lGODlhAQABAIAAAAAAAP///yH5BAEAAAAALAAAAAABAAEAAAIBRAA7" data-original="//i5.walmartimages.ca/images/Thumbnails/272/204/6000202272204.jpg?odnBound=200" width="200" height="200"> </div> </div> <div class="product-details-container"> <div class="details"> <div class="title" aria-label="OIKOS Greek Yogurt, Plain, 2% M.F., 750g."> <h2 class="thumb-header">OIKOS Greek Yogurt, Plain, 2% M.F., 750g</h2> </div> <div class="fade"></div> </div> <!-- ko template: { name: 'product-badges', if: !!$data.badgesAnalytics(), data: { badges: badges, badgesAnalytics: badgesAnalytics, screenReaderHidden : false } } --><!-- /ko --> <div class="ratings"> <div class="stars rating-5_0" aria-label="This product is rated 5 stars out of 5 stars," data-bind="template: { name: 'star-ratings' }">
	 <i class="star"></i>  <i class="star"></i>  <i class="star"></i>  <i class="star"></i>  <i class="star"></i> 
</div> <span class="review-count" aria-label="based on 1 review.">1 Review</span> <div class="fade"></div> </div> <span class="all-price-sections"> <!-- ko ifnot: availability().pricing.mapPrice --> <div class="only-for-screen-reader" id="price">Price</div> <!-- ko if: $data.availability().pricing.curPrice > 0 && !$data.availability().pricing.ranged--> <div class="price-current" data-bind="component: { name: 'current-pricing', params: availability().pricing }"><div data-bind="possibleRangedCurrencyText: { data: price, simpleFormatting: simpleFormatting } "><sup>$</sup>4<span class="visually-hidden">.</span><sup>97</sup></div><div data-bind="template: {name: &quot;analytics-price-template&quot;, data: price, afterRender: $root.initVariableWeightPopup }">
	<span style="display:none;" data-analytics-type="product-price" class="product-price-analytics" data-analytics-value="4.97" data-bind="attr: { 'data-analytics-value': $data }">
	</span>
</div></div> <!-- /ko --> <!-- ko if: $data.availability().pricing.ranged --><!-- /ko --> <!-- ko ifnot: $data.availability().pricing.curPrice --><!-- /ko --> <!-- /ko --> <!-- ko if: availability().pricing.mapPrice --><!-- /ko --> <div class="pricing-spacer" data-bind="component: { name: 'was-pricing', params: availability().pricing }"><div class="price-was" data-bind="html: wasPriceDisplay"></div><div class="price-cover"></div><div class="price-cover-percent"></div><div class="price-unit" data-bind="template: {name: &quot;price-per-unit-tooltip-template&quot;, data: pricePerUnit, afterRender: $root.initPricingPopup }">
	<a class="popup-opener popup-align-left price-unit-tooltip" data-title-headline="" data-title="This is a unit of measurement to help you compare the value of this item. Please know, this is not the price of the item itself." data-bind="text: $data, attr:{'aria-label' : '. Price is measured as ' + $data}" aria-label=". Price is measured as 66¢/100g">66¢/100g</a>
</div></div> </span> <div class="availability-messages"> <div class="availability-online available" data-bind="css: {available: (availability().status === 'Available') || (availability().status === 'AcceptingPreorder'), 'not-available': (availability().status === 'NotSold') || (availability().status === 'OutOfStock') || (availability().status === 'NotEligible')}"> <!-- ko if: $data.availability().status !== 'OutOfStock' && $data.availability().status !== 'Available' && $data.availability().status !== 'AcceptingPreorder'--><!-- /ko --> <!-- ko if: $data.availability().status === 'Available' || $data.availability().status === 'AcceptingPreorder'--> <span title="Available online">Available online</span> <!-- /ko --> <!-- ko if: $data.availability().status === 'OutOfStock'--><!-- /ko --> </div> <div class="availability-in-store available" title="Available in stores"> Available in stores </div> </div> </div> </a> <div class="CTA-container"> <!-- ko template: { name: 'a2c-or-next-order-button', data: { selectedVariant: $data, amendableOrder: $data.amendableOrder(), CTA: $data.CTA(), viewGrocery: $data.availability().statusOnline.viewGroceryEligible && $root.siteExperience() == "gm", detailUrl: "https:////cat.criteo.com/beacon?fid=176&amp;hl_qs=VjcOs%2fKKYi3k4XIgbJfVweyrZQMoVlfzDSwjTPQBm6LIpas8A3AyhFPe8iCr3tO0YRxLLuSoPHhiQPkZrAH1qr9zSZgvffEOVTTEtBeFZHeKzWmTPAuoEekid%2ffVb2xaZi14zens467YQ8eF3EhabWz5SzQTdcR3RGo5mBlXMQ9iPx4H9yDq3CyeJkPC0YgxrnXpU5kBjuKJWfor5kmAKmUn1aY4nSpHX3oS3WiZeqYt1MA%2bYVTqHbok5GKdfICgJqtnlkGPMr3Z4cBSPfd1%2fGcAicceHuFnMX7hmQ3GXbtjDXFZXlzrcjimWUnklBt1%2btvv%2bynbgwNd9zE%2fXbaSEIMrPWe82urx5MD8z55gEEF3VFaUlzfBQRixMdML5pXvley0DkWz3zjOmgUSFdXQIvxjyYIAy2nKuDVnPhqGCjwwv6pkdUMJ76sPyxN%2bYg%2fkBMWlT8f6n%2bOrg4BkHcVAsxQ8tcfOK7%2ftBJNO0iA6LMjo7BxCULkPE1g9st7DHfpuSb%2bjSR36iUfipL4Y6OQ82G%2fB%2fAhdyYtuKkF67zGK8oh7fEfpBj%2bAavmvVxRLc0U6pUso2MPcoYRTrP9H4zkVF50%2f3qcsUBVf8mPyKUGwi6j7w29ocrnJIYaX53pmXEtVbF5k99fEFveoqOTN3Gg%2fOHdnWuk%2fpskg7HXNqcUGouhhTHJ9cYdhxy8X3y4Do9NaKlsdQHOtQ2XYYCoAeRGXOdM0XnWnK3oSD0XziIwkSBsE8CCogzbUqwnzIYJWZCOSvB6KWuSKFe0dN2jptCaLzQ9qO2D9JRlmb%2fiznRbWgh4zHCNLZTouMXOyIazm81G%2baeanWUZLCXdRgd0esb0OcXjvWaeO5vDDfvsypbtq5ekCDwOY31FmJNpVzrrd8c1DSqjlNTxp9FXXbmq2IQEzkcxeAgNZVzgHz19YNwFd8dHgM7An7SF27Q%2fUSN%2bvV7eDa17qdSMh3vqI8%2fOC3d8l58cgHoTQZERIljfpFjjF6xkdVkj3H0tjtIT%2bdUpkoGBoRh2IVjTm6CZXVv0CIh9Gdk6nGn%2bnrDw%2bET1RRVLD%2fxUQFVn9ad57rXA4hmYKYl%2bnmCndr5K37yQ0fUkS0FRNNGar52D3kOAXVZlPUh%2b7Mmz7DFWKHLM1LDt1zoB1AWYKNqO2tiSubhvFsWSUPWYYwkG8Vn50Fantoyi6l97hKHJRv93NWYoZl5mW41Q8i3%2b9JhiSCcj5np8ojYzOfEu1xnqIHjlszNv%2bROzkMSGxUNXVubI83QqrMUtHB%2fvMdS%2bY0hpqydfDSuQH2ygdQxbl3Ld7FAP1F%2bHiFlNAqk%2fdVS4McOyQiAfOeg%2bfNjJEuZbHzguJDLhbF%2fQj8kbcrPEga2JlrR4jzCKcT8ns3HYgsfmnLgzFE7T7bitif7myaFkrEnHMMdrCPss9pHvveTlVW34DiuHQX6sABBdNCWCRX98nUkPMcwON1Mofw%2bUGb9IVOViUebPzEn7kP6CokZJ1elB%2fBK8EFuJimH%2bpLxtITSY%3d&amp;ev=2&amp;action=click&amp;impressionpid=4a382a24-a90b-42d6-acbf-7004c1b4da8a&amp;rn=761054955&amp;hmguid=81cd635e-2ea0-4869-9e19-8845ea2945d6&amp;dest=https://www.walmart.ca/en/ip/oikos-greek-yogurt-plain-2-mf-750g/6000196719358", trackingUrl: "", clickBeacon: "//cat.criteo.com/beacon?fid=176&amp;hl_qs=VjcOs%2fKKYi3k4XIgbJfVweyrZQMoVlfzDSwjTPQBm6LIpas8A3AyhFPe8iCr3tO0YRxLLuSoPHhiQPkZrAH1qr9zSZgvffEOVTTEtBeFZHeKzWmTPAuoEekid%2ffVb2xaZi14zens467YQ8eF3EhabWz5SzQTdcR3RGo5mBlXMQ9iPx4H9yDq3CyeJkPC0YgxrnXpU5kBjuKJWfor5kmAKmUn1aY4nSpHX3oS3WiZeqYt1MA%2bYVTqHbok5GKdfICgJqtnlkGPMr3Z4cBSPfd1%2fGcAicceHuFnMX7hmQ3GXbtjDXFZXlzrcjimWUnklBt1%2btvv%2bynbgwNd9zE%2fXbaSEIMrPWe82urx5MD8z55gEEF3VFaUlzfBQRixMdML5pXvley0DkWz3zjOmgUSFdXQIvxjyYIAy2nKuDVnPhqGCjwwv6pkdUMJ76sPyxN%2bYg%2fkBMWlT8f6n%2bOrg4BkHcVAsxQ8tcfOK7%2ftBJNO0iA6LMjo7BxCULkPE1g9st7DHfpuSb%2bjSR36iUfipL4Y6OQ82G%2fB%2fAhdyYtuKkF67zGK8oh7fEfpBj%2bAavmvVxRLc0U6pUso2MPcoYRTrP9H4zkVF50%2f3qcsUBVf8mPyKUGwi6j7w29ocrnJIYaX53pmXEtVbF5k99fEFveoqOTN3Gg%2fOHdnWuk%2fpskg7HXNqcUGouhhTHJ9cYdhxy8X3y4Do9NaNLMmqfiAcuO0tszYjENvUslxrfZm250wyiywf5GHu0NUJntM6GZ0QfjD2eBdAh2J5UcxebJPP4VVQY3fYmhB%2fFaOuR%2b3XiQmSS4fOBU5zAxTQxNd5%2brifWI2MbHMxuhGopQt5QTX8zUPKSQ%2fdXQ1W%2b1ey5wZ0aT%2bUwnAe9mJ15xRwieR%2bR4Lbau0ehtamBehoFckODlBsAgTtIUib9jDOTiFrP6piKDnXR2XDWoMnk4RMzIyECcQHppnfNB9VFkTpPTOKmPJVQJrz4m%2b%2bYZAwPaRS%2b9ntL9rb9K8aJc5dt38UWag8D50bDGkbn0Ov%2beHsgUYlcmrWpt8i1%2fxkUR%2bybt3Ao67pt7xBdx4pGAM79zzZuoNhSSdaQH55qKsW7RD6heI4f0J5L%2fuqhZN2jKv9LYE0Vnw8MbPaO0ktkNfow8M1LJSCCU5DqGlVn%2bbIDIyT2xufoLFKIeceeFtWeDRUJAhAOGB4EdbD%2bbO%2bCCOvcTwCCgT7p3JGs3TNoXgwL%2bBaMbgqv226KSLZEAPzlOVgZLu5hbtGE9XmoA3aNUrRfZmVGTOEMxxyh4aOAe5zmJAPRWwhpv7TwCpmHiuWRRiGUMFnAGfHadVjKHkQcAEPW4HvUkita4f6n7kKc4MdMV%2faA1mit7XucnfFPgrlOqeUwLLY1mefQIHwXZzbdI6uIDr2yewuu23ZdtMHTzpLQLAKI7fFxQDTAgBr5Pf4XDxe3On6K4sf1gYYeY0iXWgpMZNx32n6WKtl1mgb%2fiumsFlI4pGAp%2fQn%2ffIf4OckwIb8WRg%2bNFusLaZbVNX23BhSCs%3d&amp;ev=2&amp;action=click&amp;impressionpid=4a382a24-a90b-42d6-acbf-7004c1b4da8a&amp;rn=405966249&amp;hmguid=81cd635e-2ea0-4869-9e19-8845ea2945d6" } } -->
	<!-- ko if: $data.amendableOrder.allCallsAreSynchronized -->
		<!-- ko if: $data.amendableOrder.show --><!-- /ko -->

		<!-- ko ifnot: $data.amendableOrder.show -->

			
			<!-- ko if: $data.CTA.hasAvailableStatus && !!$data.CTA.text && !$data.viewGrocery -->
			<button class="button add-to-cart-btn limited-stock" data-bind="visible: $data.CTA.hasAvailableStatus, show: (!!$data.CTA.text), css: $data.CTA.status, attr: { 'data-click-tracking-url': $data.trackingUrl, 'data-click-beacon': $data.clickBeacon, 'aria-label': $data.CTA.status + ', ' + $data.CTA.text}" data-click-tracking-url="" data-click-beacon="//cat.criteo.com/beacon?fid=176&amp;amp;hl_qs=VjcOs%2fKKYi3k4XIgbJfVweyrZQMoVlfzDSwjTPQBm6LIpas8A3AyhFPe8iCr3tO0YRxLLuSoPHhiQPkZrAH1qr9zSZgvffEOVTTEtBeFZHeKzWmTPAuoEekid%2ffVb2xaZi14zens467YQ8eF3EhabWz5SzQTdcR3RGo5mBlXMQ9iPx4H9yDq3CyeJkPC0YgxrnXpU5kBjuKJWfor5kmAKmUn1aY4nSpHX3oS3WiZeqYt1MA%2bYVTqHbok5GKdfICgJqtnlkGPMr3Z4cBSPfd1%2fGcAicceHuFnMX7hmQ3GXbtjDXFZXlzrcjimWUnklBt1%2btvv%2bynbgwNd9zE%2fXbaSEIMrPWe82urx5MD8z55gEEF3VFaUlzfBQRixMdML5pXvley0DkWz3zjOmgUSFdXQIvxjyYIAy2nKuDVnPhqGCjwwv6pkdUMJ76sPyxN%2bYg%2fkBMWlT8f6n%2bOrg4BkHcVAsxQ8tcfOK7%2ftBJNO0iA6LMjo7BxCULkPE1g9st7DHfpuSb%2bjSR36iUfipL4Y6OQ82G%2fB%2fAhdyYtuKkF67zGK8oh7fEfpBj%2bAavmvVxRLc0U6pUso2MPcoYRTrP9H4zkVF50%2f3qcsUBVf8mPyKUGwi6j7w29ocrnJIYaX53pmXEtVbF5k99fEFveoqOTN3Gg%2fOHdnWuk%2fpskg7HXNqcUGouhhTHJ9cYdhxy8X3y4Do9NaNLMmqfiAcuO0tszYjENvUslxrfZm250wyiywf5GHu0NUJntM6GZ0QfjD2eBdAh2J5UcxebJPP4VVQY3fYmhB%2fFaOuR%2b3XiQmSS4fOBU5zAxTQxNd5%2brifWI2MbHMxuhGopQt5QTX8zUPKSQ%2fdXQ1W%2b1ey5wZ0aT%2bUwnAe9mJ15xRwieR%2bR4Lbau0ehtamBehoFckODlBsAgTtIUib9jDOTiFrP6piKDnXR2XDWoMnk4RMzIyECcQHppnfNB9VFkTpPTOKmPJVQJrz4m%2b%2bYZAwPaRS%2b9ntL9rb9K8aJc5dt38UWag8D50bDGkbn0Ov%2beHsgUYlcmrWpt8i1%2fxkUR%2bybt3Ao67pt7xBdx4pGAM79zzZuoNhSSdaQH55qKsW7RD6heI4f0J5L%2fuqhZN2jKv9LYE0Vnw8MbPaO0ktkNfow8M1LJSCCU5DqGlVn%2bbIDIyT2xufoLFKIeceeFtWeDRUJAhAOGB4EdbD%2bbO%2bCCOvcTwCCgT7p3JGs3TNoXgwL%2bBaMbgqv226KSLZEAPzlOVgZLu5hbtGE9XmoA3aNUrRfZmVGTOEMxxyh4aOAe5zmJAPRWwhpv7TwCpmHiuWRRiGUMFnAGfHadVjKHkQcAEPW4HvUkita4f6n7kKc4MdMV%2faA1mit7XucnfFPgrlOqeUwLLY1mefQIHwXZzbdI6uIDr2yewuu23ZdtMHTzpLQLAKI7fFxQDTAgBr5Pf4XDxe3On6K4sf1gYYeY0iXWgpMZNx32n6WKtl1mgb%2fiumsFlI4pGAp%2fQn%2ffIf4OckwIb8WRg%2bNFusLaZbVNX23BhSCs%3d&amp;amp;ev=2&amp;amp;action=click&amp;amp;impressionpid=4a382a24-a90b-42d6-acbf-7004c1b4da8a&amp;amp;rn=405966249&amp;amp;hmguid=81cd635e-2ea0-4869-9e19-8845ea2945d6" aria-label="limited-stock, Add to cart">
				<span class="ribbon-arrow" data-bind="html: $data.CTA.ribbonText, show: $data.CTA.ribbon">Limited Stock</span>
				<span class="btn-txt" data-bind="text: $data.CTA.text">Add to cart</span>
				<span class="loading-icon"></span>
			</button>
			<!-- /ko -->

			
			<!-- ko if: !$data.CTA.hasAvailableStatus && !!$data.CTA.text --><!-- /ko -->

			
			<!-- ko if: !$data.CTA.hasAvailableStatus && !$data.CTA.text --><!--/ko-->

			
			<!-- ko if: $data.CTA.hasAvailableStatus && !!$data.CTA.text  && $data.viewGrocery --><!-- /ko -->

		<!-- /ko -->

		<input type="hidden" data-bind="attr: { 'data-analytics-status-online': $data.selectedVariant.availability().statusOnline.status }" data-analytics-status-online="Available">
		<input type="hidden" data-bind="attr: { 'data-analytics-status-store': $data.selectedVariant.availability().statusStore.status }" data-analytics-status-store="">

	<!-- /ko -->
<!-- /ko --> <div class="drop-down-list hide"> <button type="button" class="drop-down-button button-list"> <span class="loading-icon"></span> Add to list </button> </div> <div class="drop-down-button-container drop-down-registry hide"> <button type="button" class="drop-down-button button-list"> <span class="loading-icon"></span> Add to registry </button> </div> </div> <input type="hidden" class="numSkus" value="1"> <input type="hidden" class="primary_parent_id" value="6000195507612"> <input type="hidden" class="categoryID" value="6000195507612"> <input type="hidden" class="productRollupID" value="6000196719358"> <input type="hidden" class="productID" value="6000196719359"> <input type="hidden" class="productSkus" value="{&quot;productid&quot;:&quot;6000196719359&quot;,&quot;skus&quot;:[[{&quot;skuid&quot;:&quot;6000196719359&quot;,&quot;minOrderQuantity&quot;:1,&quot;status&quot;:&quot;&quot;,&quot;eligibility_type&quot;:&quot;&quot;,&quot;date&quot;:&quot;&quot;,&quot;mfgr_sugd_rtl_amt&quot;:&quot;&quot;,&quot;price_comparison_qty&quot;:&quot;&quot;,&quot;price_comparison_unit&quot;:&quot;GR&quot;}]]}"> <input type="hidden" class="productQueryData" value="{&quot;6000196719358&quot;:[{&quot;sku&quot;:&quot;6000196719359&quot;,&quot;upc&quot;:[]}]}"> <input type="hidden" class="offerID" data-bind="attr: { value: $data.offerId }" value="6000196719359"> <input type="hidden" class="minOrderQuantity" data-bind="attr: { value: $root.variantMinQuantity('6000196719359', '6000196719359') }" value="1"> <img src="//b.da.us.criteo.com/beacon?fid=176&amp;hl_qs=VjcOs%2fKKYi3k4XIgbJfVweyrZQMoVlfzDSwjTPQBm6LIpas8A3AyhFPe8iCr3tO0YRxLLuSoPHhiQPkZrAH1qr9zSZgvffEOVTTEtBeFZHeKzWmTPAuoEekid%2ffVb2xaZi14zens467YQ8eF3EhabWz5SzQTdcR3RGo5mBlXMQ9iPx4H9yDq3CyeJkPC0YgxrnXpU5kBjuKJWfor5kmAKmUn1aY4nSpHX3oS3WiZeqYt1MA%2bYVTqHbok5GKdfICgJqtnlkGPMr3Z4cBSPfd1%2fGcAicceHuFnMX7hmQ3GXbutjfO6LYyf1jxvSvRzh7Zf3ZDYuTx1ryBojwQxHBJMZZl7OdAVXpkIo%2bp%2bFN9%2fqiiytDEVQE3kYO9mDByJV7Nc9sLP4GELX7Rxv62qXxBMvgojpg5GDQ3yRYeMk3cSZInC%2bAolgu%2bo2Ep%2fZvM9D54hDZhhOyP%2b3movAJ0Ak13KKod1kmR1%2b5i5VmOY91AnPlKPy51HzcyrEVdEyZYdoFDuzFgDTPTKsSM6fa9epI7rCdLolo%2bNrYMWYCZz6L77wmgFL5cMrSXd%2fnn8YfOitC0KaLnroyvArJDTWq3GdYBxPHQIRWA7f63Xe0Z6S7nRouQ4dRYVu1%2bCXZjPcZjxCZ8jBTR6af2YxKIdAZKXrEGXVwUdasBD97rKqcI%2fE0d5NjLKQ%2boiqYAHUY3YiH8qPkx59abnxS2lyrDaqPEzcQ%2fy298kbPmkq69Gi%2bgTJibUrjvjwffN2hr0oSxjRq2BzePmEPLD25e9qmHIOkwXLODQwBBI8UVN4giH5zGEIx8tW5A21h1ZjJ71v65hYMka90TNiOQAD6UJ74c%2fABmaLm9ZCJZIkAviDY%2fmdbX7nl2iT64HkQpSTMWWHuYTBSyJ1QQn2cpE0%2bnZWq6DjxKlEt%2f2rcjGj55YS3oZ0L5OAoKzzFK2S%2baiO6AFkHj0VqXauiq%2b5jea1aoyGJSgAD7555sQWaaUIu4dhf4hR9UbnkJGmD2cp47AqBXKX7DZFphlSC6T6rAkocUmJaIcHQVMUfU%2fcuG68LGDe%2bmOvqtjxcvY3j%2fkno7VpmCH52wZrSIy6mHPPKbtxdPyja6vb5GH9GVR11dBFeyDp0bgOSEqW3v2j0ZkK33M7fyKl18cqJBHEVZforvnDJWALTVf%2bNt%2bH8elqOFIR4lGcTL5eQqgxyjNQT1FcVirdQO1qE0%2fPSEQzxdkbW5A6EkED9SKek%2bO7Q1rUNhPO7tSgZT2SYapdHG7QN%2bBmZrAngezCx7aTELhhC79Ubj4AbkyznikmghTdOzKk%2b0DvVyeN0ejsXxb8QOYmZLlgjrN34hGKGBysbX3h%2fA2P9P6G61MebUyQKuno8OguUDai3P0UsifbDKNUhXRB%2bvMAtAOe9hWoNH%2fSEWQhrdRie%2fvBrcTuPRVbj9Y0eCggdqIpfWR34bmuG5hQwdJ0nHx6BEud13rN6pEC23ofRHD%2fCitR1vtGeiqhSpqa5aDrnizJi%2fijzzgL1VUAfsgp5C%2b4HImCtObG31hog%2bROlVkTnaetLW0sjjBJP2Zven9ZcyurD5L7VUAJ6qetfWPlYI%3d&amp;ev=2&amp;action=imp&amp;pageguid=08ecb0d5-ebd5-4064-b910-106f31c6c23c&amp;pid=4a382a24-a90b-42d6-acbf-7004c1b4da8a&amp;rn=2020117018&amp;hmguid=81cd635e-2ea0-4869-9e19-8845ea2945d6" class="impression-beacon" width="1" height="1"> </article>     <article class="simplified-thumb product thumb-6000194034105" id="thumb-6000194034105" data-rollup-id="6000194034104" data-bind="with: selectedVariant('6000194034104')" style="float: left; list-style: none; position: relative; width: 178.25px; margin-right: 20px;"> <a class="product-link" data-bind="click: function() {$root.navigateToPip($data.availability().statusOnline.viewGroceryEligible &amp;&amp; $root.siteExperience() == 'gm', 'https:////cat.criteo.com/beacon?fid=176&amp;hl_qs=VjcOs%2fKKYi3k4XIgbJfVweyrZQMoVlfzDSwjTPQBm6IrU9u63nbY532I2UdHXVfFwJXly4r9vyOq%2f%2bWxUdbhnldkPvdaZaNkMiZCrzJS%2bZ3Grona%2b4s1RaCoAewJCnOU%2b4RZoNhxAfgZjYKSirmCL%2f6mj%2bRZOt1bi%2bPjfNDIe%2bVdXfBfw9uGRDj9bgOE3zwBftXlVyOaio4DYOYQls71kfkuPWFzU0hWiXwZepJLcktiyzCVdk5TSMjYtcMyG4%2fpWCQR9axEey%2b%2bK4MQjoXvmNre5Jy5No8xPeZfTYaxc4UF%2fIWj0CUI1maxYuuOOpfc%2fZHZZnm5aPM8Cao1O0sX2r8ZABnD1c8ydyfEatSJz7Ussk%2fTOcq9%2byyZ75tfrXAUN39fztvHACxMFyf5ERSrBlJjorSdPxJ3bnjMKi%2bPQqRY%2fTU7%2bm6zXT7id%2fSwIPAsw8gmfPszeGeYMeIa9FVbH10CYlfLZtoTveSY6FJXHgt2r6iGtp%2bO3VvGrzDZc3lyno1nnJd3C4tWMqjE64%2fqdWjKq8TsUv3WI%2feN7mUfixXbvo65%2bitNvF%2fyofiqzNCcJIyCv09UL4Dv84wVIEk%2bjbdDj1DD4noc7q7bIa%2bCSMQkt%2bzAOqRpks8hqNuPpsZXEX7MC2sjUAXGtUlRhkMH6NAKRxWZ3xLbnzuUKyVocsfw2%2fIsRo3zBOO1%2bRNe6gnKx6UZISwywd5w3Uy4DtXfQ37%2fxN8F5d1XDgA%2fiPbM%2bB9%2bGkgBND%2b5ucclGsEdIwmxPOXNO2X2x4grazIrknJbBj6haozQbKlHr2HFsdfWiwjstw%2bSnK14JD315g8nWEOkcUnHDVHoiIhcSgPURz%2bRWCfV7CN0n1xbLv0mjv%2bYA5sGXBKVtzxJWd8XSc5NbPnvmWCQWs2XbKzj9zjstyz4NOOkMMLTBkntrox4tXheAwo4%2biD0KxUyKjF6yGq%2fGcfZIY%2bzg2331iKXcg6q3n4Ig%2fvWezCqr3UQc8oNokoDGLU2SdjWve3WfRQareHNEbOqlwPd3FDMgkTj2Z2U%2feoAy%2f2RwKXXBOhfmbx2vLmChGeaupDGSlyTGMnFMrlSDZ2ikDI6h1AB8uX%2fTo%2bti7SSeza1VgfS8JPolXJKrVF2AF7tumkVyFgZwffBCssCWls6fIVbV2b9JDTobYrL8IquxK4gHNSv9I1PPvreE43VqIUOaiApQeR9jxIyeVpnw9L4LykWQ%2fXYb47%2fHGl69S7Pv20salOxEs8rkBrsM4nz7c4dKkNAu%2bwqKLGQviIzsor3VMQZ6Wyk8amVJ%2fT8HADbfpqEug3QtjoofJ5s%2fnN3mlLB4CzPn8sxTALVq57qsSR%2fmZTbQqJorz%2f%2fnCOF%2fP05ZPK8X2OqTiRmiJii1UOCHZZlRY3FMPlujIfLts8cMy4%2fGZ6lk7vnHNrW3oYfakp0JGmaIu9wdlID3XuUxrPqoVWOoDFoGoXgw%2f%2fh3V7J6bbUjCpLz6Hp6yydaAchmhSIXA%3d%3d&amp;ev=2&amp;action=click&amp;impressionpid=cae7258e-6b33-42f7-85db-2988874cbb88&amp;rn=2114261881&amp;hmguid=81cd635e-2ea0-4869-9e19-8845ea2945d6&amp;dest=https://www.walmart.ca/en/ip/philadelphia-original-cream-cheese/6000194034104')}, attr: {href: !($data.availability().statusOnline.viewGroceryEligible &amp;&amp; $root.siteExperience() == 'gm') ? 'https:////cat.criteo.com/beacon?fid=176&amp;hl_qs=VjcOs%2fKKYi3k4XIgbJfVweyrZQMoVlfzDSwjTPQBm6IrU9u63nbY532I2UdHXVfFwJXly4r9vyOq%2f%2bWxUdbhnldkPvdaZaNkMiZCrzJS%2bZ3Grona%2b4s1RaCoAewJCnOU%2b4RZoNhxAfgZjYKSirmCL%2f6mj%2bRZOt1bi%2bPjfNDIe%2bVdXfBfw9uGRDj9bgOE3zwBftXlVyOaio4DYOYQls71kfkuPWFzU0hWiXwZepJLcktiyzCVdk5TSMjYtcMyG4%2fpWCQR9axEey%2b%2bK4MQjoXvmNre5Jy5No8xPeZfTYaxc4UF%2fIWj0CUI1maxYuuOOpfc%2fZHZZnm5aPM8Cao1O0sX2r8ZABnD1c8ydyfEatSJz7Ussk%2fTOcq9%2byyZ75tfrXAUN39fztvHACxMFyf5ERSrBlJjorSdPxJ3bnjMKi%2bPQqRY%2fTU7%2bm6zXT7id%2fSwIPAsw8gmfPszeGeYMeIa9FVbH10CYlfLZtoTveSY6FJXHgt2r6iGtp%2bO3VvGrzDZc3lyno1nnJd3C4tWMqjE64%2fqdWjKq8TsUv3WI%2feN7mUfixXbvo65%2bitNvF%2fyofiqzNCcJIyCv09UL4Dv84wVIEk%2bjbdDj1DD4noc7q7bIa%2bCSMQkt%2bzAOqRpks8hqNuPpsZXEX7MC2sjUAXGtUlRhkMH6NAKRxWZ3xLbnzuUKyVocsfw2%2fIsRo3zBOO1%2bRNe6gnKx6UZISwywd5w3Uy4DtXfQ37%2fxN8F5d1XDgA%2fiPbM%2bB9%2bGkgBND%2b5ucclGsEdIwmxPOXNO2X2x4grazIrknJbBj6haozQbKlHr2HFsdfWiwjstw%2bSnK14JD315g8nWEOkcUnHDVHoiIhcSgPURz%2bRWCfV7CN0n1xbLv0mjv%2bYA5sGXBKVtzxJWd8XSc5NbPnvmWCQWs2XbKzj9zjstyz4NOOkMMLTBkntrox4tXheAwo4%2biD0KxUyKjF6yGq%2fGcfZIY%2bzg2331iKXcg6q3n4Ig%2fvWezCqr3UQc8oNokoDGLU2SdjWve3WfRQareHNEbOqlwPd3FDMgkTj2Z2U%2feoAy%2f2RwKXXBOhfmbx2vLmChGeaupDGSlyTGMnFMrlSDZ2ikDI6h1AB8uX%2fTo%2bti7SSeza1VgfS8JPolXJKrVF2AF7tumkVyFgZwffBCssCWls6fIVbV2b9JDTobYrL8IquxK4gHNSv9I1PPvreE43VqIUOaiApQeR9jxIyeVpnw9L4LykWQ%2fXYb47%2fHGl69S7Pv20salOxEs8rkBrsM4nz7c4dKkNAu%2bwqKLGQviIzsor3VMQZ6Wyk8amVJ%2fT8HADbfpqEug3QtjoofJ5s%2fnN3mlLB4CzPn8sxTALVq57qsSR%2fmZTbQqJorz%2f%2fnCOF%2fP05ZPK8X2OqTiRmiJii1UOCHZZlRY3FMPlujIfLts8cMy4%2fGZ6lk7vnHNrW3oYfakp0JGmaIu9wdlID3XuUxrPqoVWOoDFoGoXgw%2f%2fh3V7J6bbUjCpLz6Hp6yydaAchmhSIXA%3d%3d&amp;ev=2&amp;action=click&amp;impressionpid=cae7258e-6b33-42f7-85db-2988874cbb88&amp;rn=2114261881&amp;hmguid=81cd635e-2ea0-4869-9e19-8845ea2945d6&amp;dest=https://www.walmart.ca/en/ip/philadelphia-original-cream-cheese/6000194034104' : ''}" href="https:////cat.criteo.com/beacon?fid=176&amp;hl_qs=VjcOs%2fKKYi3k4XIgbJfVweyrZQMoVlfzDSwjTPQBm6IrU9u63nbY532I2UdHXVfFwJXly4r9vyOq%2f%2bWxUdbhnldkPvdaZaNkMiZCrzJS%2bZ3Grona%2b4s1RaCoAewJCnOU%2b4RZoNhxAfgZjYKSirmCL%2f6mj%2bRZOt1bi%2bPjfNDIe%2bVdXfBfw9uGRDj9bgOE3zwBftXlVyOaio4DYOYQls71kfkuPWFzU0hWiXwZepJLcktiyzCVdk5TSMjYtcMyG4%2fpWCQR9axEey%2b%2bK4MQjoXvmNre5Jy5No8xPeZfTYaxc4UF%2fIWj0CUI1maxYuuOOpfc%2fZHZZnm5aPM8Cao1O0sX2r8ZABnD1c8ydyfEatSJz7Ussk%2fTOcq9%2byyZ75tfrXAUN39fztvHACxMFyf5ERSrBlJjorSdPxJ3bnjMKi%2bPQqRY%2fTU7%2bm6zXT7id%2fSwIPAsw8gmfPszeGeYMeIa9FVbH10CYlfLZtoTveSY6FJXHgt2r6iGtp%2bO3VvGrzDZc3lyno1nnJd3C4tWMqjE64%2fqdWjKq8TsUv3WI%2feN7mUfixXbvo65%2bitNvF%2fyofiqzNCcJIyCv09UL4Dv84wVIEk%2bjbdDj1DD4noc7q7bIa%2bCSMQkt%2bzAOqRpks8hqNuPpsZXEX7MC2sjUAXGtUlRhkMH6NAKRxWZ3xLbnzuUKyVocsfw2%2fIsRo3zBOO1%2bRNe6gnKx6UZISwywd5w3Uy4DtXfQ37%2fxN8F5d1XDgA%2fiPbM%2bB9%2bGkgBND%2b5ucclGsEdIwmxPOXNO2X2x4grazIrknJbBj6haozQbKlHr2HFsdfWiwjstw%2bSnK14JD315g8nWEOkcUnHDVHoiIhcSgPURz%2bRWCfV7CN0n1xbLv0mjv%2bYA5sGXBKVtzxJWd8XSc5NbPnvmWCQWs2XbKzj9zjstyz4NOOkMMLTBkntrox4tXheAwo4%2biD0KxUyKjF6yGq%2fGcfZIY%2bzg2331iKXcg6q3n4Ig%2fvWezCqr3UQc8oNokoDGLU2SdjWve3WfRQareHNEbOqlwPd3FDMgkTj2Z2U%2feoAy%2f2RwKXXBOhfmbx2vLmChGeaupDGSlyTGMnFMrlSDZ2ikDI6h1AB8uX%2fTo%2bti7SSeza1VgfS8JPolXJKrVF2AF7tumkVyFgZwffBCssCWls6fIVbV2b9JDTobYrL8IquxK4gHNSv9I1PPvreE43VqIUOaiApQeR9jxIyeVpnw9L4LykWQ%2fXYb47%2fHGl69S7Pv20salOxEs8rkBrsM4nz7c4dKkNAu%2bwqKLGQviIzsor3VMQZ6Wyk8amVJ%2fT8HADbfpqEug3QtjoofJ5s%2fnN3mlLB4CzPn8sxTALVq57qsSR%2fmZTbQqJorz%2f%2fnCOF%2fP05ZPK8X2OqTiRmiJii1UOCHZZlRY3FMPlujIfLts8cMy4%2fGZ6lk7vnHNrW3oYfakp0JGmaIu9wdlID3XuUxrPqoVWOoDFoGoXgw%2f%2fh3V7J6bbUjCpLz6Hp6yydaAchmhSIXA%3d%3d&amp;ev=2&amp;action=click&amp;impressionpid=cae7258e-6b33-42f7-85db-2988874cbb88&amp;rn=2114261881&amp;hmguid=81cd635e-2ea0-4869-9e19-8845ea2945d6&amp;dest=https://www.walmart.ca/en/ip/philadelphia-original-cream-cheese/6000194034104"> <div class="badge-container"> <!-- ko template: { name: 'product-badges', if: !!$data.badgesAnalytics(), data: { badges: badges, badgesAnalytics: badgesAnalytics, screenReaderHidden : true } } --><!-- /ko --> <!-- ko ifnot: $data.badgesAnalytics() --> <span class="badge"></span> <!-- /ko --> </div> <div class="centered-img"> <div class="cmp-atc-thmb-wrp"> <span class="cmp-atc-thmb-state">✔</span><span class="cmp-atc-thmb-copy mobile-hide"></span> </div> <div class="centered-img-wrap"> <img alt="" class="image lazy-img" src="data:image/gif;base64,R0lGODlhAQABAIAAAAAAAP///yH5BAEAAAAALAAAAAABAAEAAAIBRAA7" data-original="//i5.walmartimages.ca/images/Thumbnails/1c1/_en/999999-00068100895971_a1c1_en.jpg?odnBound=200" width="200" height="200"> </div> </div> <div class="product-details-container"> <div class="details"> <div class="title" aria-label="Philadelphia Original Cream Cheese."> <h2 class="thumb-header">Philadelphia Original Cream Cheese</h2> </div> <div class="fade"></div> </div> <!-- ko template: { name: 'product-badges', if: !!$data.badgesAnalytics(), data: { badges: badges, badgesAnalytics: badgesAnalytics, screenReaderHidden : false } } --><!-- /ko --> <div class="ratings"> <div class="stars rating-5_0" aria-label="This product is rated 5 stars out of 5 stars," data-bind="template: { name: 'star-ratings' }">
	 <i class="star"></i>  <i class="star"></i>  <i class="star"></i>  <i class="star"></i>  <i class="star"></i> 
</div> <span class="review-count" aria-label="based on 1 review.">1 Review</span> <div class="fade"></div> </div> <span class="all-price-sections"> <!-- ko ifnot: availability().pricing.mapPrice --> <div class="only-for-screen-reader" id="price">Price</div> <!-- ko if: $data.availability().pricing.curPrice > 0 && !$data.availability().pricing.ranged--> <div class="price-current" data-bind="component: { name: 'current-pricing', params: availability().pricing }"><div data-bind="possibleRangedCurrencyText: { data: price, simpleFormatting: simpleFormatting } "><sup>$</sup>3<span class="visually-hidden">.</span><sup>97</sup></div><div data-bind="template: {name: &quot;analytics-price-template&quot;, data: price, afterRender: $root.initVariableWeightPopup }">
	<span style="display:none;" data-analytics-type="product-price" class="product-price-analytics" data-analytics-value="3.97" data-bind="attr: { 'data-analytics-value': $data }">
	</span>
</div></div> <!-- /ko --> <!-- ko if: $data.availability().pricing.ranged --><!-- /ko --> <!-- ko ifnot: $data.availability().pricing.curPrice --><!-- /ko --> <!-- /ko --> <!-- ko if: availability().pricing.mapPrice --><!-- /ko --> <div class="pricing-spacer" data-bind="component: { name: 'was-pricing', params: availability().pricing }"><div class="price-was" data-bind="html: wasPriceDisplay"></div><div class="price-cover"></div><div class="price-cover-percent"></div><div class="price-unit" data-bind="template: {name: &quot;price-per-unit-tooltip-template&quot;, data: pricePerUnit, afterRender: $root.initPricingPopup }">
	<a class="popup-opener popup-align-left price-unit-tooltip" data-title-headline="" data-title="This is a unit of measurement to help you compare the value of this item. Please know, this is not the price of the item itself." data-bind="text: $data, attr:{'aria-label' : '. Price is measured as ' + $data}" aria-label=". Price is measured as $1.75/100g">$1.75/100g</a>
</div></div> </span> <div class="availability-messages"> <div class="availability-online available" data-bind="css: {available: (availability().status === 'Available') || (availability().status === 'AcceptingPreorder'), 'not-available': (availability().status === 'NotSold') || (availability().status === 'OutOfStock') || (availability().status === 'NotEligible')}"> <!-- ko if: $data.availability().status !== 'OutOfStock' && $data.availability().status !== 'Available' && $data.availability().status !== 'AcceptingPreorder'--><!-- /ko --> <!-- ko if: $data.availability().status === 'Available' || $data.availability().status === 'AcceptingPreorder'--> <span title="Available online">Available online</span> <!-- /ko --> <!-- ko if: $data.availability().status === 'OutOfStock'--><!-- /ko --> </div> <div class="availability-in-store available" title="Available in stores"> Available in stores </div> </div> </div> </a> <div class="CTA-container"> <!-- ko template: { name: 'a2c-or-next-order-button', data: { selectedVariant: $data, amendableOrder: $data.amendableOrder(), CTA: $data.CTA(), viewGrocery: $data.availability().statusOnline.viewGroceryEligible && $root.siteExperience() == "gm", detailUrl: "https:////cat.criteo.com/beacon?fid=176&amp;hl_qs=VjcOs%2fKKYi3k4XIgbJfVweyrZQMoVlfzDSwjTPQBm6IrU9u63nbY532I2UdHXVfFwJXly4r9vyOq%2f%2bWxUdbhnldkPvdaZaNkMiZCrzJS%2bZ3Grona%2b4s1RaCoAewJCnOU%2b4RZoNhxAfgZjYKSirmCL%2f6mj%2bRZOt1bi%2bPjfNDIe%2bVdXfBfw9uGRDj9bgOE3zwBftXlVyOaio4DYOYQls71kfkuPWFzU0hWiXwZepJLcktiyzCVdk5TSMjYtcMyG4%2fpWCQR9axEey%2b%2bK4MQjoXvmNre5Jy5No8xPeZfTYaxc4UF%2fIWj0CUI1maxYuuOOpfc%2fZHZZnm5aPM8Cao1O0sX2r8ZABnD1c8ydyfEatSJz7Ussk%2fTOcq9%2byyZ75tfrXAUN39fztvHACxMFyf5ERSrBlJjorSdPxJ3bnjMKi%2bPQqRY%2fTU7%2bm6zXT7id%2fSwIPAsw8gmfPszeGeYMeIa9FVbH10CYlfLZtoTveSY6FJXHgt2r6iGtp%2bO3VvGrzDZc3lyno1nnJd3C4tWMqjE64%2fqdWjKq8TsUv3WI%2feN7mUfixXbvo65%2bitNvF%2fyofiqzNCcJIyCv09UL4Dv84wVIEk%2bjbdDj1DD4noc7q7bIa%2bCSMQkt%2bzAOqRpks8hqNuPpsZXEX7MC2sjUAXGtUlRhkMH6NAKRxWZ3xLbnzuUKyVocsfw2%2fIsRo3zBOO1%2bRNe6gnKx6UZISwywd5w3Uy4DtXfQ37%2fxN8F5d1XDgA%2fiPbM%2bB9%2bGkgBND%2b5ucclGsEdIwmxPOXNO2X2x4grazIrknJbBj6haozQbKlHr2HFsdfWiwjstw%2bSnK14JD315g8nWEOkcUnHDVHoiIhcSgPURz%2bRWCfV7CN0n1xbLv0mjv%2bYA5sGXBKVtzxJWd8XSc5NbPnvmWCQWs2XbKzj9zjstyz4NOOkMMLTBkntrox4tXheAwo4%2biD0KxUyKjF6yGq%2fGcfZIY%2bzg2331iKXcg6q3n4Ig%2fvWezCqr3UQc8oNokoDGLU2SdjWve3WfRQareHNEbOqlwPd3FDMgkTj2Z2U%2feoAy%2f2RwKXXBOhfmbx2vLmChGeaupDGSlyTGMnFMrlSDZ2ikDI6h1AB8uX%2fTo%2bti7SSeza1VgfS8JPolXJKrVF2AF7tumkVyFgZwffBCssCWls6fIVbV2b9JDTobYrL8IquxK4gHNSv9I1PPvreE43VqIUOaiApQeR9jxIyeVpnw9L4LykWQ%2fXYb47%2fHGl69S7Pv20salOxEs8rkBrsM4nz7c4dKkNAu%2bwqKLGQviIzsor3VMQZ6Wyk8amVJ%2fT8HADbfpqEug3QtjoofJ5s%2fnN3mlLB4CzPn8sxTALVq57qsSR%2fmZTbQqJorz%2f%2fnCOF%2fP05ZPK8X2OqTiRmiJii1UOCHZZlRY3FMPlujIfLts8cMy4%2fGZ6lk7vnHNrW3oYfakp0JGmaIu9wdlID3XuUxrPqoVWOoDFoGoXgw%2f%2fh3V7J6bbUjCpLz6Hp6yydaAchmhSIXA%3d%3d&amp;ev=2&amp;action=click&amp;impressionpid=cae7258e-6b33-42f7-85db-2988874cbb88&amp;rn=2114261881&amp;hmguid=81cd635e-2ea0-4869-9e19-8845ea2945d6&amp;dest=https://www.walmart.ca/en/ip/philadelphia-original-cream-cheese/6000194034104", trackingUrl: "", clickBeacon: "//cat.criteo.com/beacon?fid=176&amp;hl_qs=VjcOs%2fKKYi3k4XIgbJfVweyrZQMoVlfzDSwjTPQBm6IrU9u63nbY532I2UdHXVfFwJXly4r9vyOq%2f%2bWxUdbhnldkPvdaZaNkMiZCrzJS%2bZ3Grona%2b4s1RaCoAewJCnOU%2b4RZoNhxAfgZjYKSirmCL%2f6mj%2bRZOt1bi%2bPjfNDIe%2bVdXfBfw9uGRDj9bgOE3zwBftXlVyOaio4DYOYQls71kfkuPWFzU0hWiXwZepJLcktiyzCVdk5TSMjYtcMyG4%2fpWCQR9axEey%2b%2bK4MQjoXvmNre5Jy5No8xPeZfTYaxc4UF%2fIWj0CUI1maxYuuOOpfc%2fZHZZnm5aPM8Cao1O0sX2r8ZABnD1c8ydyfEatSJz7Ussk%2fTOcq9%2byyZ75tfrXAUN39fztvHACxMFyf5ERSrBlJjorSdPxJ3bnjMKi%2bPQqRY%2fTU7%2bm6zXT7id%2fSwIPAsw8gmfPszeGeYMeIa9FVbH10CYlfLZtoTveSY6FJXHgt2r6iGtp%2bO3VvGrzDZc3lyno1nnJd3C4tWMqjE64%2fqdWjKq8TsUv3WI%2feN7mUfixXbvo65%2bitNvF%2fyofiqzNCcJIyCv09UL4Dv84wVIEk%2bjbdDj1DD4noc7q7bIa%2bCSMQkt%2bzAOqRpks8hqNuPpsZXEX7MC2sjUAXGtUlRhkMH6NAKRxWZ3xLbnzuUKyVocsfw2%2fIsRo3zBOO1%2bRNe6gnKtVnYmo%2frF5BXfdGd5VBDU83S1nf0vbDJJ6P3Ht09esBVHM95rEAdmuuKNLfUgWGb0L8rdv5dQTCRNgW1Waap47OmjTJrwb0WvYAxDq3rRPtKLGIsbW4BpqlC8NJO9aPHT8J3jKvp1ZG%2bbeHOwup5I0dOMNqh5vUUJeujqN3nvLz0%2fbB1063vxv8GfKLl%2f3F8OP5xw1aobGrx%2bdt0L%2bRw9QKsLLCCfAsIaWGvQOEuyzxfRyJ3LZfk%2fw6rV%2b4IEPNSeIbcqeFEF%2b5Zgn0FY16ZqMsjjhQBzHB0%2fwAMILPG4LGCXoEMvE6yR8P1U51xl8pBRTinN6I3LOXC0sCcLOrF81IdztqzwYzZAcOuZx%2fZjRIVyIbC%2f9C%2b8NVlZYlpHk7q8RnNqxp1wARBDAGJi%2fwdJRTUqVjLUCMuB%2f8Wewn8rDuM9bKEgWfogzdl4E7T66D0lxRs7Lphin3OFNiEXjewM9uL75U7U6K9eGwuUwt8N3aBfjDqcbXSQOyRuLDn5TWPAyXQys9G%2fbIy9s9WKO4OoKzqn0CXGEsfbgnY7lvriVHXAA1zXAjUw6YGSBc9%2bRM0Tz8vDZSN2MeuBXI7k%2bKU2W6yuF8AS3R%2bzu1PrHYPwSqA%2bW6g3I9RtGiu1fYIXq1aDMW6qBNGVWucSuK%2bYe9%2bmMq%2fX3c%2bQ%2bEqDw0KdpC3CnSXoQm2%2f53UxfbC%2b5obs0fCeiHmm2eWmWUvWNyfdFYF8cbs7GzCSWxF9ubmBp8QCLwzCuvTkETK3FGawN4LyCrh8snVsEDwOQGLpJ1QER337w%3d%3d&amp;ev=2&amp;action=click&amp;impressionpid=cae7258e-6b33-42f7-85db-2988874cbb88&amp;rn=1040177617&amp;hmguid=81cd635e-2ea0-4869-9e19-8845ea2945d6" } } -->
	<!-- ko if: $data.amendableOrder.allCallsAreSynchronized -->
		<!-- ko if: $data.amendableOrder.show --><!-- /ko -->

		<!-- ko ifnot: $data.amendableOrder.show -->

			
			<!-- ko if: $data.CTA.hasAvailableStatus && !!$data.CTA.text && !$data.viewGrocery -->
			<button class="button add-to-cart-btn limited-stock" data-bind="visible: $data.CTA.hasAvailableStatus, show: (!!$data.CTA.text), css: $data.CTA.status, attr: { 'data-click-tracking-url': $data.trackingUrl, 'data-click-beacon': $data.clickBeacon, 'aria-label': $data.CTA.status + ', ' + $data.CTA.text}" data-click-tracking-url="" data-click-beacon="//cat.criteo.com/beacon?fid=176&amp;amp;hl_qs=VjcOs%2fKKYi3k4XIgbJfVweyrZQMoVlfzDSwjTPQBm6IrU9u63nbY532I2UdHXVfFwJXly4r9vyOq%2f%2bWxUdbhnldkPvdaZaNkMiZCrzJS%2bZ3Grona%2b4s1RaCoAewJCnOU%2b4RZoNhxAfgZjYKSirmCL%2f6mj%2bRZOt1bi%2bPjfNDIe%2bVdXfBfw9uGRDj9bgOE3zwBftXlVyOaio4DYOYQls71kfkuPWFzU0hWiXwZepJLcktiyzCVdk5TSMjYtcMyG4%2fpWCQR9axEey%2b%2bK4MQjoXvmNre5Jy5No8xPeZfTYaxc4UF%2fIWj0CUI1maxYuuOOpfc%2fZHZZnm5aPM8Cao1O0sX2r8ZABnD1c8ydyfEatSJz7Ussk%2fTOcq9%2byyZ75tfrXAUN39fztvHACxMFyf5ERSrBlJjorSdPxJ3bnjMKi%2bPQqRY%2fTU7%2bm6zXT7id%2fSwIPAsw8gmfPszeGeYMeIa9FVbH10CYlfLZtoTveSY6FJXHgt2r6iGtp%2bO3VvGrzDZc3lyno1nnJd3C4tWMqjE64%2fqdWjKq8TsUv3WI%2feN7mUfixXbvo65%2bitNvF%2fyofiqzNCcJIyCv09UL4Dv84wVIEk%2bjbdDj1DD4noc7q7bIa%2bCSMQkt%2bzAOqRpks8hqNuPpsZXEX7MC2sjUAXGtUlRhkMH6NAKRxWZ3xLbnzuUKyVocsfw2%2fIsRo3zBOO1%2bRNe6gnKtVnYmo%2frF5BXfdGd5VBDU83S1nf0vbDJJ6P3Ht09esBVHM95rEAdmuuKNLfUgWGb0L8rdv5dQTCRNgW1Waap47OmjTJrwb0WvYAxDq3rRPtKLGIsbW4BpqlC8NJO9aPHT8J3jKvp1ZG%2bbeHOwup5I0dOMNqh5vUUJeujqN3nvLz0%2fbB1063vxv8GfKLl%2f3F8OP5xw1aobGrx%2bdt0L%2bRw9QKsLLCCfAsIaWGvQOEuyzxfRyJ3LZfk%2fw6rV%2b4IEPNSeIbcqeFEF%2b5Zgn0FY16ZqMsjjhQBzHB0%2fwAMILPG4LGCXoEMvE6yR8P1U51xl8pBRTinN6I3LOXC0sCcLOrF81IdztqzwYzZAcOuZx%2fZjRIVyIbC%2f9C%2b8NVlZYlpHk7q8RnNqxp1wARBDAGJi%2fwdJRTUqVjLUCMuB%2f8Wewn8rDuM9bKEgWfogzdl4E7T66D0lxRs7Lphin3OFNiEXjewM9uL75U7U6K9eGwuUwt8N3aBfjDqcbXSQOyRuLDn5TWPAyXQys9G%2fbIy9s9WKO4OoKzqn0CXGEsfbgnY7lvriVHXAA1zXAjUw6YGSBc9%2bRM0Tz8vDZSN2MeuBXI7k%2bKU2W6yuF8AS3R%2bzu1PrHYPwSqA%2bW6g3I9RtGiu1fYIXq1aDMW6qBNGVWucSuK%2bYe9%2bmMq%2fX3c%2bQ%2bEqDw0KdpC3CnSXoQm2%2f53UxfbC%2b5obs0fCeiHmm2eWmWUvWNyfdFYF8cbs7GzCSWxF9ubmBp8QCLwzCuvTkETK3FGawN4LyCrh8snVsEDwOQGLpJ1QER337w%3d%3d&amp;amp;ev=2&amp;amp;action=click&amp;amp;impressionpid=cae7258e-6b33-42f7-85db-2988874cbb88&amp;amp;rn=1040177617&amp;amp;hmguid=81cd635e-2ea0-4869-9e19-8845ea2945d6" aria-label="limited-stock, Add to cart">
				<span class="ribbon-arrow" data-bind="html: $data.CTA.ribbonText, show: $data.CTA.ribbon">Limited Stock</span>
				<span class="btn-txt" data-bind="text: $data.CTA.text">Add to cart</span>
				<span class="loading-icon"></span>
			</button>
			<!-- /ko -->

			
			<!-- ko if: !$data.CTA.hasAvailableStatus && !!$data.CTA.text --><!-- /ko -->

			
			<!-- ko if: !$data.CTA.hasAvailableStatus && !$data.CTA.text --><!--/ko-->

			
			<!-- ko if: $data.CTA.hasAvailableStatus && !!$data.CTA.text  && $data.viewGrocery --><!-- /ko -->

		<!-- /ko -->

		<input type="hidden" data-bind="attr: { 'data-analytics-status-online': $data.selectedVariant.availability().statusOnline.status }" data-analytics-status-online="Available">
		<input type="hidden" data-bind="attr: { 'data-analytics-status-store': $data.selectedVariant.availability().statusStore.status }" data-analytics-status-store="">

	<!-- /ko -->
<!-- /ko --> <div class="drop-down-list hide"> <button type="button" class="drop-down-button button-list"> <span class="loading-icon"></span> Add to list </button> </div> <div class="drop-down-button-container drop-down-registry hide"> <button type="button" class="drop-down-button button-list"> <span class="loading-icon"></span> Add to registry </button> </div> </div> <input type="hidden" class="numSkus" value="1"> <input type="hidden" class="primary_parent_id" value="6000188228272"> <input type="hidden" class="categoryID" value="6000194349392"> <input type="hidden" class="productRollupID" value="6000194034104"> <input type="hidden" class="productID" value="6000194034105"> <input type="hidden" class="productSkus" value="{&quot;productid&quot;:&quot;6000194034105&quot;,&quot;skus&quot;:[[{&quot;skuid&quot;:&quot;6000194034105&quot;,&quot;minOrderQuantity&quot;:1,&quot;status&quot;:&quot;&quot;,&quot;eligibility_type&quot;:&quot;&quot;,&quot;date&quot;:&quot;&quot;,&quot;mfgr_sugd_rtl_amt&quot;:&quot;&quot;,&quot;price_comparison_qty&quot;:&quot;&quot;,&quot;price_comparison_unit&quot;:&quot;GR&quot;}]]}"> <input type="hidden" class="productQueryData" value="{&quot;6000194034104&quot;:[{&quot;sku&quot;:&quot;6000194034105&quot;,&quot;upc&quot;:[]}]}"> <input type="hidden" class="offerID" data-bind="attr: { value: $data.offerId }" value="6000194034105"> <input type="hidden" class="minOrderQuantity" data-bind="attr: { value: $root.variantMinQuantity('6000194034105', '6000194034105') }" value="1"> <img src="//b.da.us.criteo.com/beacon?fid=176&amp;hl_qs=VjcOs%2fKKYi3k4XIgbJfVweyrZQMoVlfzDSwjTPQBm6IrU9u63nbY532I2UdHXVfFwJXly4r9vyOq%2f%2bWxUdbhnldkPvdaZaNkMiZCrzJS%2bZ3Grona%2b4s1RaCoAewJCnOU%2b4RZoNhxAfgZjYKSirmCL%2f6mj%2bRZOt1bi%2bPjfNDIe%2bVdXfBfw9uGRDj9bgOE3zwBftXlVyOaio4DYOYQls71kfkuPWFzU0hWiXwZepJLcktiyzCVdk5TSMjYtcMyG4%2fpWCQR9axEey%2b%2bK4MQjoXvmNre5Jy5No8xPeZfTYaxc4UMGj6GmPRNhPzFXdvuO9SVcBZ%2brWe2rdPyQJi7i2ZMkCWTVVWC6I2XPgJ6eCjh4YsWU%2b2vthLydMxjTmYYpUSByFtL8rU5E0bj9U5xJSOfkYbFvxn4GturLOBeCg9uTe8y7Bz4SeCMKdCQ30LIp10fJOanACezyv3VE%2fSixjCNpDE7SqJAmbosdBNrfl4LOnNlBTMzJsSebrbLthPWXx9B35D0fomxnCVkg82x4f3Ei80Evz%2bTkZQFxZlym2N86U3qGHiPLr1TOnR2ACuIsFn%2f5GuZbRfvXOPtcJGfJZMDtjpj9s8jIZF4kM77kkVUruBPeTeuy8W7%2b3kyB%2bcWMcicp%2fVDVNQFcvqnC3G%2frYAHQGiufe9rAJMpM5v6Im%2b4Sa88k0xhhl4eTATZF%2fBBY%2fwvgDBj6ZV01I4VfLKFeWb0FK2FUY2qTnfP9%2fdBLj6lwRmOlal06saDuq6v4qzNCuZE%2fLcX4p23t1p2i344HcvJz7MpXkO2zv1216OBweWIBdx2U7D8t9fi6Aa3EGlKg%2bJYXoY0tShCDrkjb7LwpmrrrLUGweQbyWBG93bRjDTTPDgOyetckDlhUntt5U0d%2fQxDrA7KmNsxmHrchPOW%2fhVh9agYVKw2Z1qmcW19D3THJvb6eg74sgzVSWtsPUpGLnycG%2fd%2brxo8pNrUknb1VS5G%2f1IHrbsSmwzoMG%2bymxEXyHPGAcCzqcB4AJGz%2fO2kRjUWzGfxEVOv4eIZbObc%2bhUa7CNx9B6PZHqZYUuCcaSVp%2fNjpMyrTDdJN%2fjzyr2vzh72b%2fRHpQosETLBMc2HbyBsoHs1Rmvx5Ifo8AMrCnxgL1HZqZsN425zo5kddUr5hM9xHm9DkNZDfEq2arm9qpr%2ff%2bjQiqI2Kic6NWA6QxGiKvPMrbLyp8WkE3XdGi5Leee6RIHyg6tDZu%2bCFFxKVC3Szq9qTY4hlWxY%2frQl7%2flcKSdLmmr3NuvSnV%2f8JXB22616WuhnT1QGABasSS%2frlpe%2f7M7FpxZCYCY%2fb95BfuNZtlAbQXUp8zuHT5LFpqf7moOzYCz1%2bzl9%2f0Ohu0ol5IDFDxTalngJeF02wSPocGdX4UtBCVdrSbokmLyTF8iP29siTHmUlrbRvqDP2nTfWc9UpSWXYob5TyO0aAkYGj8rEDzQVr2Ao3S7fk3Bh8XI%2fNGlgsPP5PKT%2buZJtW6R4sEGjwTDVjITWPx2CqpuExW9yLgm94%2ffrQR8P0fIEJLpzm2E4IXxWKqvjJdxwRdIUXMsvgozx7OJi56OJVoA%2fIl6Ylk%3d&amp;ev=2&amp;action=imp&amp;pageguid=08ecb0d5-ebd5-4064-b910-106f31c6c23c&amp;pid=cae7258e-6b33-42f7-85db-2988874cbb88&amp;rn=1311740099&amp;hmguid=81cd635e-2ea0-4869-9e19-8845ea2945d6" class="impression-beacon" width="1" height="1"> </article>     <article class="simplified-thumb product thumb-6000191273542 rightmost-visible-items" id="thumb-6000191273542" data-rollup-id="6000191273541" data-bind="with: selectedVariant('6000191273541')" style="float: left; list-style: none; position: relative; width: 178.25px; margin-right: 20px;"> <a class="product-link" data-bind="click: function() {$root.navigateToPip($data.availability().statusOnline.viewGroceryEligible &amp;&amp; $root.siteExperience() == 'gm', 'https:////cat.criteo.com/beacon?fid=176&amp;hl_qs=VjcOs%2fKKYi3k4XIgbJfVweyrZQMoVlfzDSwjTPQBm6L7J9Zi88H6FyyBfMiYgMuUjrHcBOPUnPnLxrz%2btJPVI002DssYY8r%2fVWBOKb76QfqbdXItzCVmmHxg9TeclxSfDZ3glV1ITO4ZJtCCytT7djTdHoVZSochY7b%2b1T3tEZyZD31Ly2NtNm9XZZ5EEs6iD2C5sE7RudcTGOHgC3NePHDnV8RqTmrI7dSOzpcHN40G8iausmaX%2f8x2USCBhT4jfpnDnIfmyFrKY%2fefkSRl6j9x5TCvcSDOEJd3VwKh%2fZd4DLy3kxlKCaRe2cYvawqMMB8UYh8Ko%2firtrETKJQwlGCmhJHm%2bBWrzkwlIH6NtUbPqSNPZ4U31A6vu9uYdzRlX8DcBHqurlIwtcKKKAZ91ITG6qOpfMLKyf%2fMiW0UUL8kcvirJPXN5DwraCXu%2b%2bNFPSePm5%2blKEkmdm2XZtYLypCgCScUp2iG4MQVlwQj6da63DkQ7Zap3X4FqwAWcy9zMOWOJPV6asN9KtltGaAAqH%2fBDmZEhAJ5kBvZGS%2futmLAqZgBNxVdyo%2baznZaBDxr7SqpoRUgJ6WXQIZlUoNzCwUGgwbdG8Y0nWUEuQi610X7bb%2bPT3tscYFUJ4LIVcsLHrLG7RIELojq2c4gVTKwHzqEqjtjPAntdw%2ftFPj4fZSj20Ja3HILTLVmzA6zEkfA3244qoiY4PZVWMajPBahSCcRBboT4lx71h4I2RVYNvqaJRqIdORKCpz2deIZQ0oo50ish%2b4SKnUYakMPDsqQKqbR%2bzeIJ5q0ErHrbL1DmWAbhM%2fLyQ9tjGRYvwHcNASQTGxznETXEtb3PtJVPsC9v4EplPwedIu56UX6XcODHCp8InCQJONybXdXKRRdr1%2fZQZB58LoR2A%2fz6fBSG%2bnpHCX%2b60z3ade5fGKE0zuqugUogAKwcTXXfHADhyi3PkM%2bEdZ42KquCyU9v6BVtrr5k3wekuaWpx9LByDRQF3vtie7sCroiseXszNhMFlDreEJLvbEZr9x2HbUFnNuawnD%2baNHouiFedlJ5jyehs5mi7aEs%2fZStQD2lyUpIIudggjZFzbZt2N88Cna7jNkmTLGdlxQ0ZJrrSb6hEq%2bZTBHqTsPdQh9%2bn7%2fqAKVdcsfGRrNgkTzLpxLR%2b%2fA23VZaxGBzcoX8%2fB88NBBapwK4BvNhV7YMIfNDqYPbmAcYjX2vkVTp7%2fK4gZn5ZN75ayehYUCTLkAMpnnpsbxqIL06%2fNiQd3XcxVyIluvgxo3mK7BNISdm3vv%2fcdXBi896Zn6rzpbPjDoLdWkAgsQX%2fLw94XLNPTxlRuPElTrnTU2D45szBZsI0Qvd11XBwFx2aC%2bIMsdyfEUL2mJ1RatfzYj%2f05axsVTR9g18ywe2jL%2fEa%2bVFDtcLJhKUGCheDAWj98AiGNN%2bAn35OACvg8S9U%2fRXYZ79ZL8b9dasPUfuCOsyHOkLesCy8jt6TfSH9nYk%2fOwhX7jkA%3d%3d&amp;ev=2&amp;action=click&amp;impressionpid=259f90d0-5eb5-4c7a-9df3-b7c846ee6129&amp;rn=616545905&amp;hmguid=81cd635e-2ea0-4869-9e19-8845ea2945d6&amp;dest=https://www.walmart.ca/en/ip/libert-greek-vanilla-2-mf-yogurt/6000191273541')}, attr: {href: !($data.availability().statusOnline.viewGroceryEligible &amp;&amp; $root.siteExperience() == 'gm') ? 'https:////cat.criteo.com/beacon?fid=176&amp;hl_qs=VjcOs%2fKKYi3k4XIgbJfVweyrZQMoVlfzDSwjTPQBm6L7J9Zi88H6FyyBfMiYgMuUjrHcBOPUnPnLxrz%2btJPVI002DssYY8r%2fVWBOKb76QfqbdXItzCVmmHxg9TeclxSfDZ3glV1ITO4ZJtCCytT7djTdHoVZSochY7b%2b1T3tEZyZD31Ly2NtNm9XZZ5EEs6iD2C5sE7RudcTGOHgC3NePHDnV8RqTmrI7dSOzpcHN40G8iausmaX%2f8x2USCBhT4jfpnDnIfmyFrKY%2fefkSRl6j9x5TCvcSDOEJd3VwKh%2fZd4DLy3kxlKCaRe2cYvawqMMB8UYh8Ko%2firtrETKJQwlGCmhJHm%2bBWrzkwlIH6NtUbPqSNPZ4U31A6vu9uYdzRlX8DcBHqurlIwtcKKKAZ91ITG6qOpfMLKyf%2fMiW0UUL8kcvirJPXN5DwraCXu%2b%2bNFPSePm5%2blKEkmdm2XZtYLypCgCScUp2iG4MQVlwQj6da63DkQ7Zap3X4FqwAWcy9zMOWOJPV6asN9KtltGaAAqH%2fBDmZEhAJ5kBvZGS%2futmLAqZgBNxVdyo%2baznZaBDxr7SqpoRUgJ6WXQIZlUoNzCwUGgwbdG8Y0nWUEuQi610X7bb%2bPT3tscYFUJ4LIVcsLHrLG7RIELojq2c4gVTKwHzqEqjtjPAntdw%2ftFPj4fZSj20Ja3HILTLVmzA6zEkfA3244qoiY4PZVWMajPBahSCcRBboT4lx71h4I2RVYNvqaJRqIdORKCpz2deIZQ0oo50ish%2b4SKnUYakMPDsqQKqbR%2bzeIJ5q0ErHrbL1DmWAbhM%2fLyQ9tjGRYvwHcNASQTGxznETXEtb3PtJVPsC9v4EplPwedIu56UX6XcODHCp8InCQJONybXdXKRRdr1%2fZQZB58LoR2A%2fz6fBSG%2bnpHCX%2b60z3ade5fGKE0zuqugUogAKwcTXXfHADhyi3PkM%2bEdZ42KquCyU9v6BVtrr5k3wekuaWpx9LByDRQF3vtie7sCroiseXszNhMFlDreEJLvbEZr9x2HbUFnNuawnD%2baNHouiFedlJ5jyehs5mi7aEs%2fZStQD2lyUpIIudggjZFzbZt2N88Cna7jNkmTLGdlxQ0ZJrrSb6hEq%2bZTBHqTsPdQh9%2bn7%2fqAKVdcsfGRrNgkTzLpxLR%2b%2fA23VZaxGBzcoX8%2fB88NBBapwK4BvNhV7YMIfNDqYPbmAcYjX2vkVTp7%2fK4gZn5ZN75ayehYUCTLkAMpnnpsbxqIL06%2fNiQd3XcxVyIluvgxo3mK7BNISdm3vv%2fcdXBi896Zn6rzpbPjDoLdWkAgsQX%2fLw94XLNPTxlRuPElTrnTU2D45szBZsI0Qvd11XBwFx2aC%2bIMsdyfEUL2mJ1RatfzYj%2f05axsVTR9g18ywe2jL%2fEa%2bVFDtcLJhKUGCheDAWj98AiGNN%2bAn35OACvg8S9U%2fRXYZ79ZL8b9dasPUfuCOsyHOkLesCy8jt6TfSH9nYk%2fOwhX7jkA%3d%3d&amp;ev=2&amp;action=click&amp;impressionpid=259f90d0-5eb5-4c7a-9df3-b7c846ee6129&amp;rn=616545905&amp;hmguid=81cd635e-2ea0-4869-9e19-8845ea2945d6&amp;dest=https://www.walmart.ca/en/ip/libert-greek-vanilla-2-mf-yogurt/6000191273541' : ''}" href="https:////cat.criteo.com/beacon?fid=176&amp;hl_qs=VjcOs%2fKKYi3k4XIgbJfVweyrZQMoVlfzDSwjTPQBm6L7J9Zi88H6FyyBfMiYgMuUjrHcBOPUnPnLxrz%2btJPVI002DssYY8r%2fVWBOKb76QfqbdXItzCVmmHxg9TeclxSfDZ3glV1ITO4ZJtCCytT7djTdHoVZSochY7b%2b1T3tEZyZD31Ly2NtNm9XZZ5EEs6iD2C5sE7RudcTGOHgC3NePHDnV8RqTmrI7dSOzpcHN40G8iausmaX%2f8x2USCBhT4jfpnDnIfmyFrKY%2fefkSRl6j9x5TCvcSDOEJd3VwKh%2fZd4DLy3kxlKCaRe2cYvawqMMB8UYh8Ko%2firtrETKJQwlGCmhJHm%2bBWrzkwlIH6NtUbPqSNPZ4U31A6vu9uYdzRlX8DcBHqurlIwtcKKKAZ91ITG6qOpfMLKyf%2fMiW0UUL8kcvirJPXN5DwraCXu%2b%2bNFPSePm5%2blKEkmdm2XZtYLypCgCScUp2iG4MQVlwQj6da63DkQ7Zap3X4FqwAWcy9zMOWOJPV6asN9KtltGaAAqH%2fBDmZEhAJ5kBvZGS%2futmLAqZgBNxVdyo%2baznZaBDxr7SqpoRUgJ6WXQIZlUoNzCwUGgwbdG8Y0nWUEuQi610X7bb%2bPT3tscYFUJ4LIVcsLHrLG7RIELojq2c4gVTKwHzqEqjtjPAntdw%2ftFPj4fZSj20Ja3HILTLVmzA6zEkfA3244qoiY4PZVWMajPBahSCcRBboT4lx71h4I2RVYNvqaJRqIdORKCpz2deIZQ0oo50ish%2b4SKnUYakMPDsqQKqbR%2bzeIJ5q0ErHrbL1DmWAbhM%2fLyQ9tjGRYvwHcNASQTGxznETXEtb3PtJVPsC9v4EplPwedIu56UX6XcODHCp8InCQJONybXdXKRRdr1%2fZQZB58LoR2A%2fz6fBSG%2bnpHCX%2b60z3ade5fGKE0zuqugUogAKwcTXXfHADhyi3PkM%2bEdZ42KquCyU9v6BVtrr5k3wekuaWpx9LByDRQF3vtie7sCroiseXszNhMFlDreEJLvbEZr9x2HbUFnNuawnD%2baNHouiFedlJ5jyehs5mi7aEs%2fZStQD2lyUpIIudggjZFzbZt2N88Cna7jNkmTLGdlxQ0ZJrrSb6hEq%2bZTBHqTsPdQh9%2bn7%2fqAKVdcsfGRrNgkTzLpxLR%2b%2fA23VZaxGBzcoX8%2fB88NBBapwK4BvNhV7YMIfNDqYPbmAcYjX2vkVTp7%2fK4gZn5ZN75ayehYUCTLkAMpnnpsbxqIL06%2fNiQd3XcxVyIluvgxo3mK7BNISdm3vv%2fcdXBi896Zn6rzpbPjDoLdWkAgsQX%2fLw94XLNPTxlRuPElTrnTU2D45szBZsI0Qvd11XBwFx2aC%2bIMsdyfEUL2mJ1RatfzYj%2f05axsVTR9g18ywe2jL%2fEa%2bVFDtcLJhKUGCheDAWj98AiGNN%2bAn35OACvg8S9U%2fRXYZ79ZL8b9dasPUfuCOsyHOkLesCy8jt6TfSH9nYk%2fOwhX7jkA%3d%3d&amp;ev=2&amp;action=click&amp;impressionpid=259f90d0-5eb5-4c7a-9df3-b7c846ee6129&amp;rn=616545905&amp;hmguid=81cd635e-2ea0-4869-9e19-8845ea2945d6&amp;dest=https://www.walmart.ca/en/ip/libert-greek-vanilla-2-mf-yogurt/6000191273541"> <div class="badge-container"> <!-- ko template: { name: 'product-badges', if: !!$data.badgesAnalytics(), data: { badges: badges, badgesAnalytics: badgesAnalytics, screenReaderHidden : true } } --><!-- /ko --> <!-- ko ifnot: $data.badgesAnalytics() --> <span class="badge"></span> <!-- /ko --> </div> <div class="centered-img"> <div class="cmp-atc-thmb-wrp"> <span class="cmp-atc-thmb-state">✔</span><span class="cmp-atc-thmb-copy mobile-hide"></span> </div> <div class="centered-img-wrap"> <img alt="" class="image lazy-img" src="data:image/gif;base64,R0lGODlhAQABAIAAAAAAAP///yH5BAEAAAAALAAAAAABAAEAAAIBRAA7" data-original="//i5.walmartimages.ca/images/Thumbnails/670/355/6000201670355.jpg?odnBound=200" width="200" height="200"> </div> </div> <div class="product-details-container"> <div class="details"> <div class="title" aria-label="LIBERTÉ Greek Vanilla 2% MF Yogurt."> <h2 class="thumb-header">LIBERTÉ Greek Vanilla 2% MF Yogurt</h2> </div> <div class="fade"></div> </div> <!-- ko template: { name: 'product-badges', if: !!$data.badgesAnalytics(), data: { badges: badges, badgesAnalytics: badgesAnalytics, screenReaderHidden : false } } --><!-- /ko --> <div class="ratings"> <div class="stars rating-4_5" aria-label="This product is rated 4.5 stars out of 5 stars," data-bind="template: { name: 'star-ratings' }">
	 <i class="star"></i>  <i class="star"></i>  <i class="star"></i>  <i class="star"></i>  <i class="star"></i> 
</div> <span class="review-count" aria-label="based on 8 reviews.">8 Reviews</span> <div class="fade"></div> </div> <span class="all-price-sections"> <!-- ko ifnot: availability().pricing.mapPrice --> <div class="only-for-screen-reader" id="price">Price</div> <!-- ko if: $data.availability().pricing.curPrice > 0 && !$data.availability().pricing.ranged--> <div class="price-current" data-bind="component: { name: 'current-pricing', params: availability().pricing }"><div data-bind="possibleRangedCurrencyText: { data: price, simpleFormatting: simpleFormatting } "><sup>$</sup>5<span class="visually-hidden">.</span><sup>97</sup></div><div data-bind="template: {name: &quot;analytics-price-template&quot;, data: price, afterRender: $root.initVariableWeightPopup }">
	<span style="display:none;" data-analytics-type="product-price" class="product-price-analytics" data-analytics-value="5.97" data-bind="attr: { 'data-analytics-value': $data }">
	</span>
</div></div> <!-- /ko --> <!-- ko if: $data.availability().pricing.ranged --><!-- /ko --> <!-- ko ifnot: $data.availability().pricing.curPrice --><!-- /ko --> <!-- /ko --> <!-- ko if: availability().pricing.mapPrice --><!-- /ko --> <div class="pricing-spacer" data-bind="component: { name: 'was-pricing', params: availability().pricing }"><div class="price-was" data-bind="html: wasPriceDisplay"></div><div class="price-cover"></div><div class="price-cover-percent"></div><div class="price-unit" data-bind="template: {name: &quot;price-per-unit-tooltip-template&quot;, data: pricePerUnit, afterRender: $root.initPricingPopup }">
	<a class="popup-opener popup-align-left price-unit-tooltip" data-title-headline="" data-title="This is a unit of measurement to help you compare the value of this item. Please know, this is not the price of the item itself." data-bind="text: $data, attr:{'aria-label' : '. Price is measured as ' + $data}" aria-label=". Price is measured as 80¢/100g">80¢/100g</a>
</div></div> </span> <div class="availability-messages"> <div class="availability-online available" data-bind="css: {available: (availability().status === 'Available') || (availability().status === 'AcceptingPreorder'), 'not-available': (availability().status === 'NotSold') || (availability().status === 'OutOfStock') || (availability().status === 'NotEligible')}"> <!-- ko if: $data.availability().status !== 'OutOfStock' && $data.availability().status !== 'Available' && $data.availability().status !== 'AcceptingPreorder'--><!-- /ko --> <!-- ko if: $data.availability().status === 'Available' || $data.availability().status === 'AcceptingPreorder'--> <span title="Available online">Available online</span> <!-- /ko --> <!-- ko if: $data.availability().status === 'OutOfStock'--><!-- /ko --> </div> <div class="availability-in-store available" title="Available in stores"> Available in stores </div> </div> </div> </a> <div class="CTA-container"> <!-- ko template: { name: 'a2c-or-next-order-button', data: { selectedVariant: $data, amendableOrder: $data.amendableOrder(), CTA: $data.CTA(), viewGrocery: $data.availability().statusOnline.viewGroceryEligible && $root.siteExperience() == "gm", detailUrl: "https:////cat.criteo.com/beacon?fid=176&amp;hl_qs=VjcOs%2fKKYi3k4XIgbJfVweyrZQMoVlfzDSwjTPQBm6L7J9Zi88H6FyyBfMiYgMuUjrHcBOPUnPnLxrz%2btJPVI002DssYY8r%2fVWBOKb76QfqbdXItzCVmmHxg9TeclxSfDZ3glV1ITO4ZJtCCytT7djTdHoVZSochY7b%2b1T3tEZyZD31Ly2NtNm9XZZ5EEs6iD2C5sE7RudcTGOHgC3NePHDnV8RqTmrI7dSOzpcHN40G8iausmaX%2f8x2USCBhT4jfpnDnIfmyFrKY%2fefkSRl6j9x5TCvcSDOEJd3VwKh%2fZd4DLy3kxlKCaRe2cYvawqMMB8UYh8Ko%2firtrETKJQwlGCmhJHm%2bBWrzkwlIH6NtUbPqSNPZ4U31A6vu9uYdzRlX8DcBHqurlIwtcKKKAZ91ITG6qOpfMLKyf%2fMiW0UUL8kcvirJPXN5DwraCXu%2b%2bNFPSePm5%2blKEkmdm2XZtYLypCgCScUp2iG4MQVlwQj6da63DkQ7Zap3X4FqwAWcy9zMOWOJPV6asN9KtltGaAAqH%2fBDmZEhAJ5kBvZGS%2futmLAqZgBNxVdyo%2baznZaBDxr7SqpoRUgJ6WXQIZlUoNzCwUGgwbdG8Y0nWUEuQi610X7bb%2bPT3tscYFUJ4LIVcsLHrLG7RIELojq2c4gVTKwHzqEqjtjPAntdw%2ftFPj4fZSj20Ja3HILTLVmzA6zEkfA3244qoiY4PZVWMajPBahSCcRBboT4lx71h4I2RVYNvqaJRqIdORKCpz2deIZQ0oo50ish%2b4SKnUYakMPDsqQKqbR%2bzeIJ5q0ErHrbL1DmWAbhM%2fLyQ9tjGRYvwHcNASQTGxznETXEtb3PtJVPsC9v4EplPwedIu56UX6XcODHCp8InCQJONybXdXKRRdr1%2fZQZB58LoR2A%2fz6fBSG%2bnpHCX%2b60z3ade5fGKE0zuqugUogAKwcTXXfHADhyi3PkM%2bEdZ42KquCyU9v6BVtrr5k3wekuaWpx9LByDRQF3vtie7sCroiseXszNhMFlDreEJLvbEZr9x2HbUFnNuawnD%2baNHouiFedlJ5jyehs5mi7aEs%2fZStQD2lyUpIIudggjZFzbZt2N88Cna7jNkmTLGdlxQ0ZJrrSb6hEq%2bZTBHqTsPdQh9%2bn7%2fqAKVdcsfGRrNgkTzLpxLR%2b%2fA23VZaxGBzcoX8%2fB88NBBapwK4BvNhV7YMIfNDqYPbmAcYjX2vkVTp7%2fK4gZn5ZN75ayehYUCTLkAMpnnpsbxqIL06%2fNiQd3XcxVyIluvgxo3mK7BNISdm3vv%2fcdXBi896Zn6rzpbPjDoLdWkAgsQX%2fLw94XLNPTxlRuPElTrnTU2D45szBZsI0Qvd11XBwFx2aC%2bIMsdyfEUL2mJ1RatfzYj%2f05axsVTR9g18ywe2jL%2fEa%2bVFDtcLJhKUGCheDAWj98AiGNN%2bAn35OACvg8S9U%2fRXYZ79ZL8b9dasPUfuCOsyHOkLesCy8jt6TfSH9nYk%2fOwhX7jkA%3d%3d&amp;ev=2&amp;action=click&amp;impressionpid=259f90d0-5eb5-4c7a-9df3-b7c846ee6129&amp;rn=616545905&amp;hmguid=81cd635e-2ea0-4869-9e19-8845ea2945d6&amp;dest=https://www.walmart.ca/en/ip/libert-greek-vanilla-2-mf-yogurt/6000191273541", trackingUrl: "", clickBeacon: "//cat.criteo.com/beacon?fid=176&amp;hl_qs=VjcOs%2fKKYi3k4XIgbJfVweyrZQMoVlfzDSwjTPQBm6L7J9Zi88H6FyyBfMiYgMuUjrHcBOPUnPnLxrz%2btJPVI002DssYY8r%2fVWBOKb76QfqbdXItzCVmmHxg9TeclxSfDZ3glV1ITO4ZJtCCytT7djTdHoVZSochY7b%2b1T3tEZyZD31Ly2NtNm9XZZ5EEs6iD2C5sE7RudcTGOHgC3NePHDnV8RqTmrI7dSOzpcHN40G8iausmaX%2f8x2USCBhT4jfpnDnIfmyFrKY%2fefkSRl6j9x5TCvcSDOEJd3VwKh%2fZd4DLy3kxlKCaRe2cYvawqMMB8UYh8Ko%2firtrETKJQwlGCmhJHm%2bBWrzkwlIH6NtUbPqSNPZ4U31A6vu9uYdzRlX8DcBHqurlIwtcKKKAZ91ITG6qOpfMLKyf%2fMiW0UUL8kcvirJPXN5DwraCXu%2b%2bNFPSePm5%2blKEkmdm2XZtYLypCgCScUp2iG4MQVlwQj6da63DkQ7Zap3X4FqwAWcy9zMOWOJPV6asN9KtltGaAAqH%2fBDmZEhAJ5kBvZGS%2futmLAqZgBNxVdyo%2baznZaBDxr7SqpoRUgJ6WXQIZlUoNzCwUGgwbdG8Y0nWUEuQi610X7bb%2bPT3tscYFUJ4LIVcsLHrLG7RIELojq2c4gVTKwHzqEqjtjPAntdw%2ftFPj4fZSj20Ja3HILTLVmzA6zEkfAgWvKdSCV3%2b07ts0igNGFWdvTV74Y%2fdsK1UpGcmzLDpVtCoXF5GI%2f%2frKBxuWTIX1VH6HMxgJhdGvJaNb%2fFdD6XVF3FDbzd2YWnBmN2ojnoil2tMV1QRAdXaRjZEylq7pUOiBGxq9ezXGGj%2fuBsAvS6rU5O4eb096RqZOGMN1S2S42TLAgVdfeGpS9YwutG5eXTm829SMRA3%2bH2n6X8xfOE3vWpXVB74DwoH%2byO6aBpvcDmxoTpwWcl7LuhqJROfVV5S9Iy7MJ%2f3%2beFfLm0kFgs4ZJKHzJV8ZpH8kn44pmr%2bn05iuhAD%2bpfnb9gD6KPIDT1CDVCXRrn5%2bpaU0zEQDAKsV%2fQ8MU3%2bRksh%2bBtERKf1hRZJUSDa7NCVALLPCL4PWX1i%2f6rPnbPMSNurL%2fnhr9MrR5KF9mCPU9VhrXYqxZ8FJnjw0ob6j%2bWVAOmdXVyMrS0s6T3TC82lpG1ZEInFrmOvulH2sAtJDE02TswptzNs4nze3BaEP1ReyShzpHZszKjlSGraA7XItMT5lulMMRyE7hE4atAzwvn3Ujk92G4O%2fXwORrBhDUEs4EQu17vGc4muPyEGLPj6dfga9axk4COYfr3Eh6WTxf%2fWVc%2fM8Z5s6CmfjsdVetdjydVQs%2f79onCHyvPtfkSbv%2fsU7ynUAWpovxpeh6pCDhmElYeqMSwFkSPDNt2piCbMACvWhllLr6HggGhxVT%2fD%2bBtdSOgphLzhSkSmCq1%2be6fSVPpkZwet%2fX8s1yrKJcN%2fVRCOgpPuqpYUvj7VRzudDndTpxjKIZJw%3d%3d&amp;ev=2&amp;action=click&amp;impressionpid=259f90d0-5eb5-4c7a-9df3-b7c846ee6129&amp;rn=1426223665&amp;hmguid=81cd635e-2ea0-4869-9e19-8845ea2945d6" } } -->
	<!-- ko if: $data.amendableOrder.allCallsAreSynchronized -->
		<!-- ko if: $data.amendableOrder.show --><!-- /ko -->

		<!-- ko ifnot: $data.amendableOrder.show -->

			
			<!-- ko if: $data.CTA.hasAvailableStatus && !!$data.CTA.text && !$data.viewGrocery -->
			<button class="button add-to-cart-btn limited-stock" data-bind="visible: $data.CTA.hasAvailableStatus, show: (!!$data.CTA.text), css: $data.CTA.status, attr: { 'data-click-tracking-url': $data.trackingUrl, 'data-click-beacon': $data.clickBeacon, 'aria-label': $data.CTA.status + ', ' + $data.CTA.text}" data-click-tracking-url="" data-click-beacon="//cat.criteo.com/beacon?fid=176&amp;amp;hl_qs=VjcOs%2fKKYi3k4XIgbJfVweyrZQMoVlfzDSwjTPQBm6L7J9Zi88H6FyyBfMiYgMuUjrHcBOPUnPnLxrz%2btJPVI002DssYY8r%2fVWBOKb76QfqbdXItzCVmmHxg9TeclxSfDZ3glV1ITO4ZJtCCytT7djTdHoVZSochY7b%2b1T3tEZyZD31Ly2NtNm9XZZ5EEs6iD2C5sE7RudcTGOHgC3NePHDnV8RqTmrI7dSOzpcHN40G8iausmaX%2f8x2USCBhT4jfpnDnIfmyFrKY%2fefkSRl6j9x5TCvcSDOEJd3VwKh%2fZd4DLy3kxlKCaRe2cYvawqMMB8UYh8Ko%2firtrETKJQwlGCmhJHm%2bBWrzkwlIH6NtUbPqSNPZ4U31A6vu9uYdzRlX8DcBHqurlIwtcKKKAZ91ITG6qOpfMLKyf%2fMiW0UUL8kcvirJPXN5DwraCXu%2b%2bNFPSePm5%2blKEkmdm2XZtYLypCgCScUp2iG4MQVlwQj6da63DkQ7Zap3X4FqwAWcy9zMOWOJPV6asN9KtltGaAAqH%2fBDmZEhAJ5kBvZGS%2futmLAqZgBNxVdyo%2baznZaBDxr7SqpoRUgJ6WXQIZlUoNzCwUGgwbdG8Y0nWUEuQi610X7bb%2bPT3tscYFUJ4LIVcsLHrLG7RIELojq2c4gVTKwHzqEqjtjPAntdw%2ftFPj4fZSj20Ja3HILTLVmzA6zEkfAgWvKdSCV3%2b07ts0igNGFWdvTV74Y%2fdsK1UpGcmzLDpVtCoXF5GI%2f%2frKBxuWTIX1VH6HMxgJhdGvJaNb%2fFdD6XVF3FDbzd2YWnBmN2ojnoil2tMV1QRAdXaRjZEylq7pUOiBGxq9ezXGGj%2fuBsAvS6rU5O4eb096RqZOGMN1S2S42TLAgVdfeGpS9YwutG5eXTm829SMRA3%2bH2n6X8xfOE3vWpXVB74DwoH%2byO6aBpvcDmxoTpwWcl7LuhqJROfVV5S9Iy7MJ%2f3%2beFfLm0kFgs4ZJKHzJV8ZpH8kn44pmr%2bn05iuhAD%2bpfnb9gD6KPIDT1CDVCXRrn5%2bpaU0zEQDAKsV%2fQ8MU3%2bRksh%2bBtERKf1hRZJUSDa7NCVALLPCL4PWX1i%2f6rPnbPMSNurL%2fnhr9MrR5KF9mCPU9VhrXYqxZ8FJnjw0ob6j%2bWVAOmdXVyMrS0s6T3TC82lpG1ZEInFrmOvulH2sAtJDE02TswptzNs4nze3BaEP1ReyShzpHZszKjlSGraA7XItMT5lulMMRyE7hE4atAzwvn3Ujk92G4O%2fXwORrBhDUEs4EQu17vGc4muPyEGLPj6dfga9axk4COYfr3Eh6WTxf%2fWVc%2fM8Z5s6CmfjsdVetdjydVQs%2f79onCHyvPtfkSbv%2fsU7ynUAWpovxpeh6pCDhmElYeqMSwFkSPDNt2piCbMACvWhllLr6HggGhxVT%2fD%2bBtdSOgphLzhSkSmCq1%2be6fSVPpkZwet%2fX8s1yrKJcN%2fVRCOgpPuqpYUvj7VRzudDndTpxjKIZJw%3d%3d&amp;amp;ev=2&amp;amp;action=click&amp;amp;impressionpid=259f90d0-5eb5-4c7a-9df3-b7c846ee6129&amp;amp;rn=1426223665&amp;amp;hmguid=81cd635e-2ea0-4869-9e19-8845ea2945d6" aria-label="limited-stock, Add to cart">
				<span class="ribbon-arrow" data-bind="html: $data.CTA.ribbonText, show: $data.CTA.ribbon">Limited Stock</span>
				<span class="btn-txt" data-bind="text: $data.CTA.text">Add to cart</span>
				<span class="loading-icon"></span>
			</button>
			<!-- /ko -->

			
			<!-- ko if: !$data.CTA.hasAvailableStatus && !!$data.CTA.text --><!-- /ko -->

			
			<!-- ko if: !$data.CTA.hasAvailableStatus && !$data.CTA.text --><!--/ko-->

			
			<!-- ko if: $data.CTA.hasAvailableStatus && !!$data.CTA.text  && $data.viewGrocery --><!-- /ko -->

		<!-- /ko -->

		<input type="hidden" data-bind="attr: { 'data-analytics-status-online': $data.selectedVariant.availability().statusOnline.status }" data-analytics-status-online="Available">
		<input type="hidden" data-bind="attr: { 'data-analytics-status-store': $data.selectedVariant.availability().statusStore.status }" data-analytics-status-store="">

	<!-- /ko -->
<!-- /ko --> <div class="drop-down-list hide"> <button type="button" class="drop-down-button button-list"> <span class="loading-icon"></span> Add to list </button> </div> <div class="drop-down-button-container drop-down-registry hide"> <button type="button" class="drop-down-button button-list"> <span class="loading-icon"></span> Add to registry </button> </div> </div> <input type="hidden" class="numSkus" value="1"> <input type="hidden" class="primary_parent_id" value="6000195507612"> <input type="hidden" class="categoryID" value="6000195507612"> <input type="hidden" class="productRollupID" value="6000191273541"> <input type="hidden" class="productID" value="6000191273542"> <input type="hidden" class="productSkus" value="{&quot;productid&quot;:&quot;6000191273542&quot;,&quot;skus&quot;:[[{&quot;skuid&quot;:&quot;6000191273542&quot;,&quot;minOrderQuantity&quot;:1,&quot;status&quot;:&quot;&quot;,&quot;eligibility_type&quot;:&quot;&quot;,&quot;date&quot;:&quot;&quot;,&quot;mfgr_sugd_rtl_amt&quot;:&quot;&quot;,&quot;price_comparison_qty&quot;:&quot;&quot;,&quot;price_comparison_unit&quot;:&quot;GR&quot;}]]}"> <input type="hidden" class="productQueryData" value="{&quot;6000191273541&quot;:[{&quot;sku&quot;:&quot;6000191273542&quot;,&quot;upc&quot;:[]}]}"> <input type="hidden" class="offerID" data-bind="attr: { value: $data.offerId }" value="6000191273542"> <input type="hidden" class="minOrderQuantity" data-bind="attr: { value: $root.variantMinQuantity('6000191273542', '6000191273542') }" value="1"> <img src="//b.da.us.criteo.com/beacon?fid=176&amp;hl_qs=VjcOs%2fKKYi3k4XIgbJfVweyrZQMoVlfzDSwjTPQBm6L7J9Zi88H6FyyBfMiYgMuUjrHcBOPUnPnLxrz%2btJPVI002DssYY8r%2fVWBOKb76QfqbdXItzCVmmHxg9TeclxSfDZ3glV1ITO4ZJtCCytT7djTdHoVZSochY7b%2b1T3tEZyZD31Ly2NtNm9XZZ5EEs6iD2C5sE7RudcTGOHgC3NePHDnV8RqTmrI7dSOzpcHN40G8iausmaX%2f8x2USCBhT4jfpnDnIfmyFrKY%2fefkSRl6j9x5TCvcSDOEJd3VwKh%2fZecZDsa0y7Ax2Ne2B9zYCtqbtmWuCBP6ez6jbKWAC60gFYentIIm1119Zzty2NGStpikq%2bXvuPhXMSscZ2jAD9dlwHPFY6YytNSlGQrpGkLscQeYh%2bb3u1BWEBYQ3lOEsWwKKx2jAGEOR%2fMn%2fI%2fmGw5TbM%2bs8rm0VDY8YudutjuGNUlRG9ZfgIV3auOwABlTXxipyVPrn%2fmgVr24XYCbU5UiqXNOiqwCQ1rlceoz05eJ9RJ2rlGHRGwdiVDVyL%2bDelw8abkaeLjzFclwTjYFyuGpQqjKJzIryMugrGrcq%2ffN4mMdAfiBa9igodog%2bXWwNhEaKNJGPW%2fksD3%2bjsN7ZQsYa3ebQSIoGLXYK529PNhjBPd0yO7dMd02odbwQFawyFrzua5zvESkNnm5ycsGtP%2bhavqvZnZ7o%2fTW%2bnIeESnRpB3DX5EGLOPstYSk4rav4hi7m1yIs7v9evWkwVlU9WtuyK%2bS26Psgp7TeGoEnv2grqS0rprjl6lvrllbvBEg4KWwXwYUGNn1axvTWpvCpr0SURkPMjxU5ZBP621Zo3JT46jra%2fvCOre5yqomBr9Y3rWzGuiXLcPpHhMrCVn9LKHgEiwyKs7d8jboF%2bYzRy29vi6CcXBbjENejUX0gPE2kzgeKz5LA4EMS6IvTj05k%2bhx8H4RQUzQfwA2Dr%2bMjZtXDqzP%2bx380YWSDmf%2b2Hv26dNy9ErkotMVVth%2f9vQ8H0Zlg1Sb%2bhMJLxBMUfoYGRIgYu9T%2bl6Obd9jf%2bXk9MxO6MYOo6gTglZSu4WqhBEi%2fYir7rWOtr8x6WLQFtrLAzKnGGZ%2bEubP%2fO0pfBxOesgStparxdsqCI2X13pVkf5X7k6Pcs0lm%2b0DAIurjpDzQkAUbxEXL2zCQatnxDB5rIZIkzo%2bw4ALNwu13aAa9C6vVSBYyj%2fyc6I6WK1IKFYvHw1U8tI5RWVIwqeVlnipGryub6Ss9KhESzx%2bQuSFyTTq4NpaNuWcpXkLJx4a39XK42v6T3CMkAEvYSPejE4N17cd8h%2ffRv372djFDJgrYPCPvyEq6viXdVARKvxvqTsz9aAnlSQ8oJzmXkTt62EImygxIhaXaP0l3Hr8HJ%2fGsJDqPkeMCokUVg9iGRN2Ks%2b4DGTzzDZYIJzjzmZaEBCOvhKFWIg2TmxvkucnGlok%2bAKV0fRm61vKemPzjS2B1HWxfM1obsw6WspQLAs6c6hvy4Dx%2fAOsE1P7QMSyptY5RnuYXQNb6QPitOXg1ARRk4mtDJ5pG1y3gyduqIvqF1OFkmtgUw%3d&amp;ev=2&amp;action=imp&amp;pageguid=08ecb0d5-ebd5-4064-b910-106f31c6c23c&amp;pid=259f90d0-5eb5-4c7a-9df3-b7c846ee6129&amp;rn=1424566529&amp;hmguid=81cd635e-2ea0-4869-9e19-8845ea2945d6" class="impression-beacon" width="1" height="1"> </article>     </div></div></div>  </section> <a class="carousel-skip-anchor" id="skip-hooklogic-rslc-d64e52c6" name="skip-hooklogic-rslc-d64e52c6" tabindex="-1"></a> <div class="html-cartridge Link"> <script>
require(["jquery"],function($) {
//fire on all ajaxComplete calls
$( document ).ajaxComplete(function( event,request, settings ) {
$('section.hookLogic .bx-viewport').css('height','370px');

		function isMobile(){
			if ($(window).width()<=624){ // mobile switch
				if ($('#guided-navigation').next('div').length>0){
					if ($('#guided-navigation').next('div.media-banner').length==1){
						$('#guided-navigation').next('div.media-banner').hide();
					}
				}
			}else{
				if ($('#guided-navigation').next('div').length>0){
					if ($('#guided-navigation').next('div.media-banner').length==1){
$('#guided-navigation').next('div.media-banner').css('padding-top','2rem');
						$('#guided-navigation').next('div.media-banner').show();
					}
				}
			}
		}
		
		$(window).resize(function(){
			isMobile();
		});
isMobile();
});
});
</script>
</div> <section class="dfp-adspot" role="complementary" aria-label="Banner Advertising"> <div class="dfp-title"> <aside class="dfp-wrap"> <div class="dfp-shrink-wrap dfp-is-empty" style="width: 320px; "> <div class="dfp-placeholder" style="padding-bottom: 50px"></div> <div class="dfp-loader"></div> <div id="Mobile_Ad_320_x_50_1_728970a0" class="DFPAd DFPAd-regular " data-dfpindex="2"> <script>
									
									var adObj = {
										"adName": "Mobile_Ad_320_x_50",
										"adMinViewportWidth": 300,
										"adMaxViewportWidth": 727,
										"adWidth": 320,
										"adHeight": 50,
										"adPos": "Mobile_Ad_320_x_50_1_728970a0",
										"adFoldLocation": "ATF",
										"cartridgeIndex": "2",
										"isFluid": false,
										"adCallout": false,
										"targetName": "",
										"fullbleed": false
									};

									var adEl = document.getElementById(adObj.adPos);

									// defers load of dfp ads in bxslider to avoid load order issues
									var isInSlideShow = adEl.closest(".slideshow-bxslider");
									
									if(isInSlideShow) {
										deferredAdsList[adObj.adPos] = adObj;
									} else if ((walmart.context.pageType === "search" || walmart.context.pageType === "browse")
											&& adEl.closest("#main-wrap")) {
										// only ads in the main content section need to be deferred because of the ajax refresh and dom reorg on these pages
										deferDFPAd(adObj)
									} else {
										initDFPAd(adObj);
									}
								</script> </div> </div> <div class="dfp-shrink-wrap" style="width: 728px; "> <div class="dfp-placeholder" style="padding-bottom: 90px"></div> <div class="dfp-loader"></div> <div id="Leaderboard_728_x_90_2_728970a0" class="DFPAd DFPAd-regular " data-dfpindex="2"> <script>
									
									var adObj = {
										"adName": "Leaderboard_728_x_90",
										"adMinViewportWidth": 728,
										"adMaxViewportWidth": 2000,
										"adWidth": 728,
										"adHeight": 90,
										"adPos": "Leaderboard_728_x_90_2_728970a0",
										"adFoldLocation": "ATF",
										"cartridgeIndex": "2",
										"isFluid": false,
										"adCallout": true,
										"targetName": "",
										"fullbleed": false
									};

									var adEl = document.getElementById(adObj.adPos);

									// defers load of dfp ads in bxslider to avoid load order issues
									var isInSlideShow = adEl.closest(".slideshow-bxslider");
									
									if(isInSlideShow) {
										deferredAdsList[adObj.adPos] = adObj;
									} else if ((walmart.context.pageType === "search" || walmart.context.pageType === "browse")
											&& adEl.closest("#main-wrap")) {
										// only ads in the main content section need to be deferred because of the ajax refresh and dom reorg on these pages
										deferDFPAd(adObj)
									} else {
										initDFPAd(adObj);
									}
								</script> <div id="google_ads_iframe_/10337976/en/grocery/grocery/dairy-eggs_3__container__" style="border: 0pt none; width: 728px; height: 90px;"></div></div> <a class="ad-callout" href="/en/help/legal#Aboutourads">AdChoices</a> </div> </aside> </div>
</section> </div> <div class="zone zone4 wgrid-2of12 wgrid-2of8 wgrid-4of4"> <div class="persistent-cart-slot mobile-hide" data-bind="with: $root.slotComp(), css: { hide: $root.pendingOrderExists() }"> <div class="book-slot confirmed hide" data-bind="css: {hide: !isBooked()}"> <span data-bind="css: {'gicon-clock-truck': isDelivery(), 'gicon-scheduled-pickup': isPickup()}"></span> <button aria-selected="false" aria-controls="slot-details-0" id="slot-control-0"> <!-- ko if: isDelivery() --><!-- /ko --> <!-- ko if: isPickup() --><!-- /ko --> </button> <div class="date-time"> <div class="date"> <span data-bind="text: dayOfTheWeek() + ','">undefined,</span> <span data-bind="text: formattedDateNoYear()">undefined NaN</span>, &nbsp;</div> <div class="time" data-bind="text: formattedTimeRange()">12:00 - 12:00 am</div> </div> <div class="slot-details" aria-expanded="false" aria-hidden="true" id="slot-details-0" aria-labelledby="slot-control-0"> <div class="fee"> <span>Scheduled fee:</span> <span data-bind="currencyText: {data: price(), free: 'FREE'}">FREE</span> </div> <a id="select-new-item" href="/en/scheduled-shopping">Select a new time</a> </div> </div> <div class="book-slot" data-bind="css: {hide: isBooked()}"> <span class="gicon-clock-light"></span> <a id="view-available-times" href="/en/scheduled-shopping">Book a time slot for your scheduled grocery order</a> </div> </div> <div class="persistent-cart mobile-hide" style="height: auto;"> <script type="text/html" id="persistent-cart-summary-template">
		<div class="summary-wrap" data-bind="visible : !$root.isLoading()">
			<div class="shadow"></div>
			<div class="shopping-total">
				<div class="title">Subtotal:</div>
				<!-- ko if: !$root.pendingOrderExists() -->
				<!-- ko if: $root.isAssociateAccount -->
				<div class="price" data-bind="template : {name: 'fancy-price-with-zeros-template', data: associatePriceTotal}"></div>
				<!-- /ko -->
				<!-- ko ifnot: $root.isAssociateAccount -->
				<div class="price" data-bind="template : {name: 'fancy-price-with-zeros-template', data: subTotalPlain}"></div>
				<!-- /ko -->
				<!-- /ko -->
				<!-- ko if: $root.pendingOrderExists() -->
				<div class="price" data-bind="template : {name: 'fancy-price-with-zeros-template', data: $root.pendingOrder().details().subTotal()}"></div>
				<!-- /ko -->
			</div>
			<!-- ko if: !$root.pendingOrderExists() -->
			<div class="checkout" data-bind="with: $root.scheduledDelivery()">
				<div class="threshold" data-bind="css: { hide: !containScheduledItems() }">
					<div class="scheduled-delivery">

						<!-- ko if: $root.disableCheckout() -->
						$<span data-bind="text: scheduledThresholdAmount()"></span> minimum required to schedule a grocery order
						<!-- /ko -->

						<div class="progress-bar" data-bind="css: {'met-threshold gicon-check-circle': !$root.disableCheckout()}">
							<!-- ko if: $root.disableCheckout() -->
							<div class="bar" data-bind="style: {width: scheduledThresholdPercentComplete() + '%'}"></div>
							<div class="outstanding">
								$<span data-bind="text: scheduledThresholdOutstanding()"></span> to go
							</div>
							<!-- /ko -->

							<!-- ko ifnot: $root.disableCheckout() -->
							Qualifies for scheduled grocery order
							<!-- /ko -->
						</div>
					</div>
				</div>

				<div class="button-container">
					<!-- ko if: $root.disableCheckout() -->
					<button class="button disabled" type="button" disabled>
						Check out
					</button>
					<!-- /ko -->

					<!-- ko ifnot: $root.disableCheckout() -->
					<a id="persistent-cart-checkout" class="button" href="/cart">
						Check out
					</a>
					<!-- /ko -->
				</div>
			</div>
			<!-- /ko -->
			<!-- ko if: $root.pendingOrderExists() -->
			<span>Prices shown here are based on when your upcoming order was placed. You will always pay the lowest price, even if you update your order. Visit our Help Centre section for more details.</span>
			<a data-bind="attr: { href: $root.amendableOrderUrl() }">View Order Details</a>
			<!-- /ko -->
		</div>
	</script> <script type="text/html" id="persistent-cart-item-template">
		<div class="item product" data-bind="css: {'new-item': $index() === 0 && isNew() && !$root.isIE89(), 'new-item-ie-89': $index() === 0 && isNew() && $root.isIE89()}">
			<div class="product-content">
				<div class="basic-info">
					<span class="plusMinus"></span>
					<div class="name" data-bind="text : title"></div>
					<button class="qty" data-bind="text : 'Qty: ' + quantity()"></button>
					<div class="price" data-bind="currencyText : getSumPrice()"></div>
				</div>
				<div class="details">
					<div class="product-image wgrid-1w2 wgrid-2w4">
						<div class="centered-img">
							<div class="centered-img-wrap">
								<img data-bind="attr: {alt : title, src : smallImageUrl}, event: {error: $root.onImgLoadError, load:$root.onImgLoad}" />
							</div>
						</div>
					</div>

					<div class="pricing wgrid-1w2 wgrid-2w4">
						<span class="price-wrapper" data-bind="visible : isAssociate">
							<s data-bind="currencyText: getSumCurrentPrice()"></s>
						</span>

						<div class="associate-price-msg" data-bind="visible : isAssociate">Associate price</div>

						<div class="price-total" data-bind="currencyText : getSumPrice()"></div>

						<div data-bind="visible : quantity() > 1">
							<span class="price-each" data-bind="currencyText: unitPrice"></span> ea</div>

						<div class="price-regular" data-bind="visible : isDiscounted">
							<span class="label-attribute">Was: </span>
							<s data-bind="currencyText: regularPrice"></s> <span data-bind="visible: quantity() > 1">each</span>
						</div>
					</div>

					<div class="product-attributes" data-bind="foreach: itemAttributes, visible : itemAttributes().length > 0">
						<div>
							<span class="label-attribute" data-bind="text: walmart.lang == 'fr' ? $data.label + ' :' : $data.label + ':'">-</span>
							<b data-bind="visible: $data.value, text: $data.value"></b>
						</div>
					</div>

					<div class="qty-label">Qty:</div>
					<div class="product-quantity-wrap">
						<button type="button" class="less button-list" data-bind="click: $root.decreaseQuantity, enable: quantity() > 1, attr : {id : 'less-btn-' + $index()}"
							title=" global.label.quantityMinusAlt ">&#8211;</button>

						<span class="qty-wrap">
							<input title=" global.quantity " type="tel" class="qty" size="4" maxlength="3" data-bind="value: quantity, event: { change:$root.updateQuantity}, attr : {id : 'qty-input-' + $index()}"
							/>
						</span>
						<button type="button" class="more button-list" data-bind="click: $root.increaseQuantity, attr : {id : 'more-btn-' + $index(), 'disabled': overMaximumQuantity() }" title=" global.label.quantityPlusAlt ">+</button>
					</div>

					<button class="button-text-like marg-l-0 float-l remove-button" data-bind="click: $root.removeCartItem" type="button">
						<span class="icon-remove-x marg-l-0"></span>Remove
					</button>
				</div>
			</div>
		</div>
	</script> <script type="text/html" id="persistent-order-item-template">
		<div class="item product">
			<div class="product-content">
				<div class="basic-info">
					<span class="plusMinus"></span>
					<div class="name" data-bind="text : title"></div>
					<button class="qty" data-bind="text : 'Qty: ' + quantity()"></button>
					<div class="price" data-bind="currencyText : itemTotalPrice"></div>
				</div>
				<div class="details">
					<div class="product-image wgrid-1w2 wgrid-2w4">
						<div class="centered-img">
							<div class="centered-img-wrap">
								<img data-bind="attr: {alt : title, src : imageUrl}" />
							</div>
						</div>
					</div>

					<div class="pricing wgrid-1w2 wgrid-2w4">
						<div class="price-total" data-bind="currencyText : itemTotalPrice"></div>
						<div data-bind="visible : quantity() > 1">
							<span class="price-each" data-bind="currencyText: price"></span> ea</div>
					</div>

                    <div class="qty-label">Qty:</div>
                    <quantity-component class="big" params='
						id: $index(),
						quantity: quantity,
						onUpdate: function(event) { $root.pendingOrder().updateItemQuantity($data, event); },
						onError: function(event) { $root.pendingOrder().updateItemQuantityError($data); },
						isEnabled: !$root.pendingOrder().isLoading(),
						analyticsAttrs: function() {
							return {
								incTrigger: "product",
								incData: "oaincproduct",
								decTrigger: "product",
								decData: "oadecproduct",
								inputTrigger: "product",
								inputData: "oaqtyinput"
							}
						}'>
					</quantity-component>

					<button class="button-text-like marg-l-0 float-l remove-button" data-bind="click: $root.pendingOrder().removeItem" type="button">
						<span class="icon-remove-x marg-l-0"></span>Remove
					</button>
				</div>
			</div>
		</div>
	</script> <!-- ko if: !$root.pendingOrderExists() --> <a href="/cart" class="header without-pending-order hide" style="display: block;" data-bind="style: {display: !$root.pendingOrderExists()? 'block' : 'none'}"> <div class="gicon-shopping-cart hide"> <span class="cart-count hide" data-bind="show: sumItems() > 0, text: sumItems()">0</span> </div> My cart </a> <!-- /ko --> <!-- ko if: $root.pendingOrderExists() --><!-- /ko --> <div class="products-wrap empty" data-bind="css: { 'empty' : cartIsEmpty() }"> <div class="products scroll" style="height: auto;"> <div class="server-error hide" data-bind="show: !!pendingOrder().serverError(), text: pendingOrder().serverError()"></div> <div class="is-empty" data-bind="style: { display: cartIsEmpty() ? 'inline-block' : 'none' }" style="display: inline-block;"> Your cart is empty <div></div> </div> <div class="cart-items"> <!-- ko template: {
					if: !$root.pendingOrderExists(),
					name: 'persistent-cart-item-template',
					foreach: cartItems
				} --><!-- /ko --> <!-- ko template: {
					if: $root.pendingOrderExists(),
					name: 'persistent-order-item-template',
					foreach: pendingOrder().details().orderItems,
					afterRender: $root.renderPersistentContainer
				} --><!-- /ko --> </div> </div> <div data-bind="template : {name: 'persistent-cart-summary-template', data: priceComp}">
		<div class="summary-wrap" data-bind="visible : !$root.isLoading()" style="position: relative; bottom: auto; width: 173px;">
			<div class="shadow"></div>
			<div class="shopping-total">
				<div class="title">Subtotal:</div>
				<!-- ko if: !$root.pendingOrderExists() -->
				<!-- ko if: $root.isAssociateAccount --><!-- /ko -->
				<!-- ko ifnot: $root.isAssociateAccount -->
				<div class="price" data-bind="template : {name: 'fancy-price-with-zeros-template', data: subTotalPlain}">
	
		<!-- ko if : $data < 1 -->
			<!-- ko if : $data == 0 -->
				<sup>$</sup><span class="price-dollar">0</span><span class="visually-hidden">.</span><sup class="price-cent">00</sup>
			<!-- /ko -->
			<!-- ko ifnot : $data == 0 --><!-- /ko -->
		<!-- /ko -->
		<!-- ko ifnot : $data < 1 --><!-- /ko -->
	
</div>
				<!-- /ko -->
				<!-- /ko -->
				<!-- ko if: $root.pendingOrderExists() --><!-- /ko -->
			</div>
			<!-- ko if: !$root.pendingOrderExists() -->
			<div class="checkout" data-bind="with: $root.scheduledDelivery()">
				<div class="threshold hide" data-bind="css: { hide: !containScheduledItems() }">
					<div class="scheduled-delivery">

						<!-- ko if: $root.disableCheckout() -->
						$<span data-bind="text: scheduledThresholdAmount()">0</span> minimum required to schedule a grocery order
						<!-- /ko -->

						<div class="progress-bar" data-bind="css: {'met-threshold gicon-check-circle': !$root.disableCheckout()}">
							<!-- ko if: $root.disableCheckout() -->
							<div class="bar" data-bind="style: {width: scheduledThresholdPercentComplete() + '%'}" style="width: 0%;"></div>
							<div class="outstanding">
								$<span data-bind="text: scheduledThresholdOutstanding()">0.00</span> to go
							</div>
							<!-- /ko -->

							<!-- ko ifnot: $root.disableCheckout() --><!-- /ko -->
						</div>
					</div>
				</div>

				<div class="button-container">
					<!-- ko if: $root.disableCheckout() -->
					<button class="button disabled" type="button" disabled="">
						Check out
					</button>
					<!-- /ko -->

					<!-- ko ifnot: $root.disableCheckout() --><!-- /ko -->
				</div>
			</div>
			<!-- /ko -->
			<!-- ko if: $root.pendingOrderExists() --><!-- /ko -->
		</div>
	</div> </div> </div> <script>
		walmart.context.containsPersistentCart = true;
	</script> </div> <div class="zone zone5 wgrid-2of12 wgrid-2of8 wgrid-4of4"> </div> </div> <div id="mystore-tooltip-template" class="wal-tooltip mystore"> <p><span class="availability"></span>:</p> <a class="store-name"></a> <p class="address"></p> <p class="city"></p> <p class="phone">Phone:<span></span></p> <div class="store-hours"> </div> <a href="#" class="store-link"><span class="arrow-blu">›</span>Store details</a> <span class="arrow-tip top"></span> </div> </div> <!-- main content end --> <div id="promo-footer" class="mobile-hide row"> <div class="wgrid-4of4 wgrid-8of8 wgrid-12of12"> <div class="html-cartridge HTML"> <script>
var el = document.querySelector('[data-automation="communication-preferences-link"]');
if (el) el.classList.add('hide');
</script>
</div>
<div class="html-cartridge tileGen_v5"> <script>
	var isTGW, isMT, isP=["https://i.walmartimages.ca/", "scripts/CSS/", "tilegen_v2.1.min.css","tilegen.min.js", "2019_mags_v3.css", "https://fonts.googleapis.com/css?family=Roboto:300,600"];
	function css(e,s,t,n){if(null==document.getElementById(n)){var c=document.createElement("link");c.href=e+s+t,c.rel="stylesheet",c.type="text/css",c.id=n,document.getElementsByTagName("head")[0].appendChild(c)}}function jss(e,s,t,n){if(null==document.getElementById(n)){var c=document.getElementsByTagName("script")[0],i=document.createElement("script");i.id=n,i.defer=!0,i.src=e+s+t,c.parentNode.insertBefore(i,c)}}try{isTGW=document.querySelectorAll(".tileGenV2_wrapper").length>0,isTGW&&(css(isP[0],isP[1],isP[2],"tilegencss"),jss(isP[0],isP[1],isP[3],"tilegenjs"))}catch(e){console.log(e+" | ERROR tilegen")}try{isMT=document.querySelectorAll("section.s_magTiles").length>0,isMT&&(css(isP[0],isP[1],isP[4],"magscss"),css("","",isP[5],"fontcss"))}catch(e){console.log(e+" | ERROR magtiles")}
</script>

</div>
<div class="html-cartridge CASD-165"> <script>
try{function urlParams(a){for(var l=window.location.search.substring(1).split("&"),n=0;n<l.length;n++){var t=l[n].split("=");if(t[0]==a)return t[1]}return!1}var lang=urlParams("lang"),altLink=walmart.context.altLangLink,locale=walmart.context.locale;("en"==locale&&"F"==lang||"fr"==locale&&"E"==lang)&&window.location.replace(altLink)}catch(a){}
</script>
</div>
<div class="html-cartridge Link">  <script>
$(document).ready(function(){$(document).on("click","a[href*='#'], area[href*='#']",function(o){var t=$(this).attr("href").replace("#","");if($('a[name="'+t+'"]').length||$("#"+t).length){o.preventDefault();var e=$('a[name="'+t+'"]').length?$('a[name="'+t+'"]').offset().top:$("#"+t).length?$("#"+t).offset().top:"";$(window).scrollTop(e-20)}});try{var o=$(window.location.hash).length?window.location.hash:window.location.hash.toLocaleLowerCase();window.location.AdjHash.length>0&&$(o).length&&$(window).scrollTop($(o).offset().top-20)}catch(o){}});
</script>
</div>
<div class="html-cartridge PATCH - CASD-287"> 
</div>
<div class="html-cartridge CASD-OG_Autosave"> <script>console.log('CASD - Remove Autosave from OG');</script>

</div>
<div class="html-cartridge CASD - 484"> 
</div>
<div class="html-cartridge Link"> <script>
    window.walmart = window.walmart || {}
    window.walmart.legal = window.walmart.legal || {}
    window.walmart.legal.ads = window.walmart.legal.ads || {}
 
    window.walmart.legal.ads =
      "<div><h1 class=\"u-mega u-color--blue\">About our Ads<span aria-hidden=\"true\"><\/span><\/h1><div style=\"\" id=\"acc17\"> <p>In order to deliver tailored advertisements to you on Walmart.ca, Walmart mobile applications and other third party websites and applications (on your computer, mobile device or tablet) (collectively, \"Websites\u201D), we and third party advertising companies may use cookies to collect information about your visits to our website and other websites.&nbsp; The information we collect includes:<\/p> <ul> <li>products or web pages you view on Websites<\/li> <li>products your purchase on Walmart.ca<\/li> <li>ads you click on Websites<\/li> <\/ul> <p>We and third-party advertising companies use this information to place you in general interest categories, which helps us determine what types of advertisements may be of interest to you.<\/p> <h3>Benefits of Interest-Based Advertising<\/h3> <ul> <li>Ads are tailored to your inferred interests<\/li> <li>You won\u2019t see the same ads over and over again because&nbsp;we limit the number of similar ads you see<\/li> <\/ul> <h3>How to Learn More and Opt-Out of Interest-Based Advertising<\/h3> <p>Walmart adheres to the Digital Advertising Alliance of Canada\u2019s (DAAC) Self-Regulatory Principles for Online Behavioural Advertising.<\/p> <p>To learn more or to opt-out of online interest-based advertising by a list of companies participating in the DAAC, visit <a href=\"http:\/\/youradchoices.ca\/choices\" target=\"_blank\">http:\/\/youradchoices.ca\/choices<\/a><\/p> <p><strong>Additional Information:<\/strong><\/p> <ul> <li>Please note that if you opt out of receiving interest-based ads, you will continue to receive advertising, but it will not be based on online behavioural information about you.<\/li> <li>To successfully opt out, you must have cookies enabled in your web browser (see your browser\u2019s instructions for information on cookies and how to enable them).<\/li> <li>Your opt-out applies to the web browser you use. You must opt-out of each web browser on each computer, mobile device and tablet you use. &nbsp;<\/li> <li>Once you opt-out, if you delete your browser\u2019s saved cookies, you will need to opt-out again.<\/li> <\/ul><\/div>"
  </script>
</div>
<div class="html-cartridge CASD-727">  <script>
function printBS(){
  console.log('CASD-custom slider init;')
  var elm = document.querySelector('.CASDesc_bxslider'), elmN;
  if (elm != "" ){
    var brandSlider = elm.querySelectorAll('a');
    var pelm = elm.closest('.html-cartridge');
    pelm.appendChild(document.createElement('div')).setAttribute('id', 'custSlider');
    //pelm.insertBefore(document.querySelector('#custSlider'), pelm);
    elm.remove();
  
    for (var i=0; i<brandSlider.length; i++){
      document.querySelector('#custSlider').append(brandSlider[i])
    }
    elmN.setAttribute('role', 'group');
    elmN = document.querySelector('#custSlider');
  }
}

try{
  printBS()
}catch(e){}

$(function(){
  $( document ).ajaxComplete(function( event, xhr, settings ) {
    if ( settings.url.indexOf('/page') != -1 ) {
      if ($('#custSlider').length == 0){
        printBS();
      }
    }
  });
});
</script>
</div> </div> </div> <div id="global-footer" class="cookie-privacy-banner-open"> <div id="main-footer" class="row"> <a name="skipto-main-footer" id="skipto-main-footer" tabindex="-1"></a> <nav role="navigation" aria-labelledby="access-footer"> <h2 class="visually-hidden" id="access-footer"></h2> <div class="column wgrid-4of4 wgrid-8of8 wgrid-3of12"> <span class="rich-text">  </span> <div class="link-list"> <div class="link-header"> Can we help? <span>+</span></div> <ul class="arrow-blu"> <li>
<a href="/en/help/grocery">Help Centre</a>
</li> <li>
<a href="/order-lookup">Change My Order</a>
</li> </ul> </div> <div class="html-cartridge link-list"> <div id="tab-1475776810673-1" data="1" aria-controls="panel-1475776810673-1" role="tab" tabindex="-1" aria-selected="false" class="link-header"> Walmart Rewards MasterCard <span>+</span></div> <ul class="arrow-blu mobile-hide tablet-hide" id="panel-1475776810673-1" aria-labelledby="tab-1475776810673-1" role="tabpanel" aria-hidden="true"> <li> <a href="/en/applybuy?icid=footer_WMRMC_ApplyNowBuyNow" target="_blank">Apply Now</a></li> </ul>
</div> <span class="rich-text"> 
<div class="desktop-only"> <ul> <li class="wmCCard"> <a href="https://www.walmart.ca/en/financial-services/walmart-rewards-mastercard">&nbsp;</a></li> </ul>
</div> </span> <div class="html-cartridge css"> 
</div> </div> <div class="column wgrid-4of4 wgrid-8of8 wgrid-3of12"> <div class="link-list"> <div class="link-header"> Flyers &amp; more <span>+</span></div> <ul class="arrow-blu"> <li>
<a href="/flyer">Store Flyer</a></li> <li>
<a href="https://flyers.walmart.ca/flyers/accessibility/walmartcanada?locale=en&amp;type=2">Accessible flyer</a>
</li> <li>
<a href="/en/gifts-holidays/gifts/gift-cards/N-4785">Gift Cards</a>
</li> <li>
<a href="/N-31+11+117">Grocery on Rollback</a>
</li> <li>
<a href="/en/bestsellers/N-117+40601+11">Grocery Best Sellers</a>
</li> </ul> </div> <div class="link-list"> <div class="link-header"> Services <span>+</span></div> <ul class="arrow-blu"> <li>
<a href="https://www.walmartphotocentre.ca">Photo Centre</a>
</li> <li>
<a href="/en/financial-services">Financial Services</a>
</li> </ul> </div> </div> <div class="column wgrid-4of4 wgrid-8of8 wgrid-3of12"> <div class="link-list"> <div class="link-header"> About us <span>+</span></div> <ul class="arrow-blu"> <li>
<a href="https://www.walmartcanada.ca/about-us">About Walmart</a>
</li> <li>
<a href="http://careers.walmart.ca">Careers</a>
</li> <li>
<a href="https://www.walmartcanada.ca/community-giving">Charity &amp; Communities</a>
</li> <li>
<a href="https://www.walmartcanada.ca/sustainability">Sustainability</a>
</li> </ul> </div> <span class="rich-text"> 
<div class="link-list" id="mailing-address-footer"> <h3> <span style="font-size:18px;">Mailing address</span></h3> <div> <em>&nbsp; &nbsp; &nbsp;Wal-Mart Canada Corp.</em></div> <div> <em>&nbsp; &nbsp; &nbsp;1940 Argentia Road</em></div> <div> <em>&nbsp; &nbsp; &nbsp;Mississauga, ON &nbsp;L5N 1P9</em></div>
</div>
<p> &nbsp;</p> </span> </div> <div class="column wgrid-4of4 wgrid-8of8 wgrid-3of12"> <div class="row"> <div class="html-cartridge Email Sign-Up HTML &amp; CSS"> 
<div class="wgrid-4of8 marg-l-0 footerEmail"> <section id="newsletter"> <h2> Be in the know!</h2> <p> Get up-to-date information on weekly flyer features, Rollback &amp; clearance items, exclusive products, and Walmart offers. You can unsubscribe at anytime.</p> <form accept-charset="UTF-8" action="https://cl.s6.exct.net/subscribe.aspx?lid=5538" id="footerSubscribeForm" method="POST" novalidate="" role="email" target="et-subscription-ifrm"> <input name="DYN_USER_ID" type="hidden" value="null"> <input name="thx" type="hidden" value="https://www.walmart.ca/ws/secure/my-account/exact-target-success?origin=footer">
<input la="" name="err" type="hidden" value="https://www.walmart.ca/ws/secure/my-account/exact-target-fail?origin=footer">
<input name="SubAction" type="hidden" value="sub_add_update"> <input name="MID" type="hidden" value="6183890"> <input id="fromLocation" name="fromLocation" type="hidden" value="ca-footer"><span style="display: inline-block;"> <input aria-required="true" autocomplete="off" data-error="Please enter a valid email address" data-error-required="Email is a required field" data-provide="typeahead" data-required="true" data-validate="email" id="newsletter-email" name="Email Address" placeholder="Enter Email Address" type="email"> <input name="Language" type="hidden" value="E"><button class="button-submit button-companion-right" id="newsletter-button" type="submit">Subscribe</button><span class="confirm-newsletter hide" id="footer-sbscr-cnfmtn"><i>0</i> Thank you! You are now subscribed to the Walmart newsletter.</span></span> <p class="footerEmailText"> <span style="display: inline-block;">Personal information provided may be collected, used and disclosed in accordance with our <a href="http://www.walmart.ca/en/help/legal/privacy-policy" style="display:inline;" target="_blank">Privacy Policy</a></span></p> </form> </section>
</div> <script>
function readCookie(n){for(var r=n+"=",t=document.cookie.split(";"),e=0;e<t.length;e++){for(var i=t[e];" "==i.charAt(0);)i=i.substring(1,i.length);if(0==i.indexOf(r))return i.substring(r.length,i.length)}return null}
var duid; // parameter name ET needs to be passed
if (readCookie('DYN_USER_ID.ro')==null){ duid = readCookie('walmart.id'); }else{ duid = readCookie('DYN_USER_ID.ro');}
document.querySelector('input[name="DYN_USER_ID"]').setAttribute('value',duid)
</script>
</div> <span class="rich-text"> <div class="wgrid-4of8 marg-l-0"> <section id="footer-stayintouch"> <h2> Connect with us</h2> <p> Connect with us on your favourite social networks. We’ll let you know what we’re up to, and you can tell us how we’re doing.</p> <ul> <li> <a href="http://www.facebook.com/walmartcanada" id="facebook-btn" target="_blank">Facebook</a></li> <li> <a href="http://twitter.com/@walmartcanada" id="twitter-btn" target="_blank">Twitter</a></li> <li> <a href="http://pinterest.com/walmartcanada/" id="pinterest-btn" target="_blank">Pinterest</a></li> <li> <a class="last" href="https://www.instagram.com/walmartcanada" id="instagram-btn" target="_blank">Instagram</a></li> </ul> </section>
</div>
<p> &nbsp;</p> </span> <div class="html-cartridge mBox_container"> <div style="display:none; background:#f00; width:20px; height:20px"></div>
</div> </div> </div> </nav> </div> <div id="legal-footer" role="contentinfo" aria-labelledby="access-legal"> <div class="row"> <div class="wgrid-4of4 wgrid-8of8 wgrid-12of12"> <h2 class="visually-hidden" id="access-legal"> Français, Terms of Use, Privacy Policy, Copyright © Walmart 2020 </h2> <ul class="arrow-wht"> <li class="bottom-links language-toggle"><a href="/fr/epicerie/produits-laitiers-et-oeufs/N-3798" lang="fr">Français</a></li> <li class="bottom-link terms-of-use">
<a href="/en/help/legal#TermsofUse">Terms of Use</a>
</li> <li class="bottom-link privacy-policy">
<a href="/en/help/legal#PrivacyPolicy">Privacy Policy</a>
</li> <li class="bottom-link copyright-walmart">
<a href="/en/help/legal">Copyright © Walmart 2020</a>
</li> </ul> </div> </div> </div> </div> <iframe name="et-subscription-ifrm" id="et-subscription-ifrm" class="hide"></iframe> </div><script>_satellite["_runScript1"](function(event, target, Promise) {
var thingToWaitFor = 'walmartRequireHelpers to exist as a function'
_satellite.logger.log('Waiting for ' + thingToWaitFor,1);
var startTime = new Date().getTime(), now = startTime;
var intervalId = setInterval(function(){
	now = new Date().getTime();
	if (typeof walmartRequireHelpers == "object" && typeof walmartRequireHelpers.whenRequireDone == "function" 	//function exists and is ready
	&& !(document.title.indexOf("Error Page") > -1 || document.title.indexOf("(404)") > -1)) { 					//and this isn't an error page
		// The DTM code can now run!
		_satellite.logger.log(thingToWaitFor + 'done',1);
		walmartRequireHelpers.whenRequireDone(function(){
		  _satellite.logger.log("walmartRequireHelpers.whenRequireDone fired. Starting PLR sequence");
		  _satellite.track('PLRStart');
		});
		// We ran the DTM code, we can stop the interval.
		clearInterval(intervalId);
	} 
	else if ( (now - startTime > 5000) ) {
		clearInterval(intervalId);
		_satellite.logger.log('No ' + thingToWaitFor + ' found, timed out',1);
		_satellite.logger.log("walmartRequireHelpers.whenRequireDone never fired. Attempting PLR sequence, firing static direct call to note wrd failure");
		_satellite.track('PLRStart');
	}
}, 250);
});</script><script>

 /*
 * Cookie functions for form tracking
 */
function omnitureGetCookie(name) {
	var start = document.cookie.indexOf(name + "=");
	var len = start + name.length + 1;
	if ((!start) && (name != document.cookie.substring(0, name.length))) {
		return null;
	}

	if (start == -1)
		return null;
	var end = document.cookie.indexOf(';', len);
	if (end == -1)
		end = document.cookie.length;
	return unescape(document.cookie.substring(len, end));
}

function omnitureSetCookie(name, value, path, domain, expiry) {
	if (expiry == 1) {
		var date = new Date();
		date.setTime(date.getTime() + (10000 * 24 * 60 * 60 * 1000));
		var expires = "; expires=" + date.toGMTString();
	} else {
		var expires = "";
	}

	document.cookie = name + '=' + escape(value) + expires +
		((path) ? ';path=' + path : '') +
		((domain) ? ';domain=' + domain : '');
}

function omnitureDeleteCookie(name, path, domain) {
	if (omnitureGetCookie(name))
		document.cookie = name + '=' +
			((path) ? ';path=' + path : '') +
			((domain) ? ';domain=' + domain : '') +
			';expires=Thu, 01-Jan-1970 00:00:01 GMT';
}

// add to next grocery pick-up order
function analyticsAddToNextPickupOrder(data){
_satellite.logger.log("Backend direct call to analyticsAddToNextPickupOrder");
/*	
var finalMessage;
var prodNum = document.URL.substring(document.URL.lastIndexOf("/")+1, document.URL.length);
var prodPrice = Number($(".product-price-analytics").attr("data-analytics-value"));
var prodQuantity = parseInt($("#product-purchase-cartridge .quantity-controls").find("input").val());
var totalDollarsAdded = prodPrice * prodQuantity;
//var orderId = $(".add-to-next-link").attr("href").substring($(".add-to-next-link").attr("href").lastIndexOf("/")+1, $(".add-to-next-link").attr("href").length);
var orderId = $("button.add-to-next-order")[0].getAttribute("data-order-id");
s.linkTrackVars='prop15,prop30,eVar21,eVar22,prop4,eVar19,events,products';
s.linkTrackEvents="event116,event115,event122";  
if(data){
finalMessage = ": Add to My Grocery Pickup Order: Success";
s.events="event115,event122";
} else {
finalMessage = ": Add to My Grocery Pickup Order: Fail";
s.events="event116";
}
s.products=";"+$('#product-purchase-cartridge').attr("data-rollup-id")+";;;event122="+totalDollarsAdded+";eVar22="+$('#product-purchase-cartridge').attr("data-sku-id");
s.prop15=s.prop30=s.pageName+finalMessage;
s.prop4=s.eVar19=s.prop4;
s.eVar21=orderId;
s.tl(true,'o','add to my grocery pickup order');
*/
_satellite.setVar('atnpoData', data);
_satellite.track('addToNextPickupOrder')
}

// alter quantities in order amendment
function analyticsTrackAmendmentQuantityChange(context, item, err){
	_satellite.logger.log("Backend direct call to analyticsTrackAmendmentQuantityChange");
/*
var orderId = document.URL.substring(document.URL.lastIndexOf("/")+1, document.URL.length);
  var wasSuccess;
if(err){
wasSuccess = "Success";
} else {
wasSuccess = "Fail"
}
console.log('item.price',item.price);  
s.linkTrackVars="prop15,prop30,prop4,eVar19,eVar21,eVar22,events,products"; 
s.linkTrackEvents="event117,event118,event120,event121,event122";  
  var prodReport = "";
  switch(context.quantityChangeType){
    case "increment":
      s.events="event117,event122";
      prodReport = ";"+item.title+";;;event122="+item.price+";eVar22="+item.skuId+";eVar21="+orderId;
      break;
    case "textInput":
      s.events="event120";
      break;
    case "decrement":
      s.events="event118,event121"
      prodReport = ";"+item.title+";;;event121="+item.price+";eVar22="+item.skuId+";eVar21="+orderId;
      break;
  }
console.log('prodReport',prodReport);
console.log("s.products: ", s.products);
s.products=prodReport;
s.prop15=s.prop30="Account: Order Amendment: " + context.quantityChangeType + " : " + wasSuccess;
s.prop4=s.eVar19=s.prop4;
s.eVar21=orderId;
console.log('s.event122',s.event122);
s.tl(this,'o','order amendment increase quantity');
*/
_satellite.setVar('oaiqContext',context);
_satellite.setVar('oaiqItem',item);
_satellite.setVar('oaiqErr',err);
_satellite.track("OAincreaseQuantity");
}

// remove product in order amendment
function analyticsAmendProductRemove(action, item, err){
	_satellite.logger.log("Backend direct call to analyticsAmendProductRemove");
/*
  var orderId = document.URL.substring(document.URL.lastIndexOf("/")+1, document.URL.length);
var wasSuccess;
if(err){
wasSuccess = "Success";
} else {
wasSuccess = "Fail"
}
s.linkTrackVars="prop15,prop30,prop4,eVar19,eVar21,eVar22,events,products"; 
s.linkTrackEvents="event119,event121";
s.events="event119,event121";
s.products=";"+item.title+";;;event121="+item.itemTotalPrice+";eVar22="+item.skuId;
s.prop15=s.prop30="Account: Order Amendment: " + action + " : " + wasSuccess;
s.prop4=s.eVar19=s.prop4;
s.eVar21=orderId;
s.tl(this,'o','order amendment remove');
*/
_satellite.setVar('oarAction',action);
_satellite.setVar('oarItem',item);
_satellite.setVar('oarErr',err);
_satellite.track("OAamendmentRemove")
}

//TRACK CHECKOUT ERRORS
function analyticsTrackCheckoutErrors(error) {
	_satellite.logger.log("Backend direct call to analyticsTrackCheckoutErrors");
	if (sessionStorage.checkoutError != error) {
		window.walmart.analytics.dataLayer.checkoutServerErrorCode = error;
		_satellite.track("checkoutServerErrorCode");
		/* Handle in DCR
		omnitureDeleteCookie("checkoutError", "/", ".walmart.ca");
		s.linkTrackVars='prop15,prop30';
		s.linkTrackEvents="";
		s.events="";
		s.prop15=s.prop30="Checkout: error code: "+error;
		s.tl(this,'o','checkout:error code');
		sessionStorage.checkoutError=error;
		*/
		return true;
	} else { 
		_satellite.logger.log("analyticsTrackCheckoutErrors sessionStorage.checkoutError != error evaluation failed", 1)
	}
}

// Server Error tracking code
function analyticsCheckoutServerErrors(errorCode) {
	_satellite.logger.log("Backend direct call to analyticsCheckoutServerErrors");
    if (sessionStorage.checkoutError != errorCode) {
		window.walmart.analytics.dataLayer.checkoutServerErrorCode = errorCode;
		_satellite.track("checkoutServerErrorCode");
		/*
		Handle in DCR
		omnitureDeleteCookie("checkoutError", "/", ".walmart.ca");
		s.linkTrackVars='prop15,prop30';
		s.linkTrackEvents="";
		s.events="";
		s.prop15=s.prop30="Checkout: error code: "+errorCode;
		s.tl(this,'o','checkout:error code');
		sessionStorage.checkoutError=errorCode;
		*/
		return true;
	} else { 
		_satellite.logger.log("analyticsCheckoutServerErrors sessionStorage.checkoutError != error evaluation failed", 1)
	}
}
// Front End Error tracking code
function analyticsCheckoutFrontEndErrors(errorStr) {
	_satellite.logger.log("Backend direct call to analyticsCheckoutFrontEndErrors");
    if (sessionStorage.checkoutFrontEndError != errorStr) {	
		window.walmart.analytics.dataLayer.checkoutFrontEndErrorMessage = errorStr;
		_satellite.track("checkoutFrontEndErrorMessage");		
		/* Handle in DCR
		omnitureDeleteCookie("checkoutFrontEndError", "/", ".walmart.ca");
		s.linkTrackVars='prop50,eVar84';
		s.linkTrackEvents="";
		s.events="";
		s.prop50=s.eVar84=errorStr;
		s.tl(this,'o','checkout:front end error string');
		sessionStorage.checkoutFrontEndError=errorStr;
		*/
		return true;
	} else { 
		_satellite.logger.log("analyticsCheckoutFrontEndErrors sessionStorage.checkoutError != error evaluation failed", 1)
	}
}

//TRACK CHECKOUT TIMEOUT
function analyticsTrackCheckoutTimeout(type) {
	_satellite.logger.log("Backend direct call to analyticsTrackCheckoutTimeout");
	_satellite.setVar('checkoutTimeoutType',type);
	_satellite.track('checkoutTimeout');
    /*var s=s_gi(s_account);
    s.linkTrackVars='prop15,prop30,events,prop4,eVar19';
    s.linkTrackEvents="None";
    s.events="";
    s.prop15=s.prop30="Checkout: Timeout: "+type;
    s.prop4=s.eVar19=s.prop4;
    s.tl(this,'o','add to cart');
	omnitureDeleteCookie("checkoutError", "/", ".walmart.ca");*/
  return true;
}

//LOAD SCRIPT
function dtmloadScriptCallback(scripttoload, callback, d) {
                var script = document.getElementsByTagName("script"),
                    h;
                d = script[0];
                for (h = 0; h < script.length; h++)
                    if (script[h].src === scripttoload && script[h].readyState && /loaded|complete/.test(script[h].readyState)) try {
                        callback()
                    } catch (f) {
                        console.log('dtm:loadScriptCallback:no callback (1)');
                    } finally {
                        return
                    }
                    script =
                document.createElement("script");
                script.type = "text/javascript";
                script.async = !0;
                script.src = scripttoload;
                script.onerror = function() {
                    this.addEventListener && (this.readyState = "loaded")
                };
                script.onload = script.onreadystatechange = function() {
                    if (!this.readyState || "complete" === this.readyState || "loaded" === this.readyState) {
                        this.onload = this.onreadystatechange = null;
                        this.addEventListener && (this.readyState = "loaded");
                        try {
                            callback.call(this)
                        } catch (e) {
                             console.log('dtm:loadScriptCallback:no callback (2)');
                        }
                    }
                };
                d.parentNode.insertBefore(script, d)
            };

			
function analyticsTrackAddtoCart(productid,skuid,price,location,qty,listid) {
  //_satellite.notify('analyticsTrackAddtoCart called from code, no tracking comes from this loaded in legacy functions',1);
	_satellite.setVar('cartAddProductId', productid);
	_satellite.setVar('cartAddSkuId', skuid);
	_satellite.setVar('cartAddPrice', price);
	_satellite.setVar('cartAddLocation', location);
	_satellite.setVar('cartAddQty', qty);
	_satellite.setVar('cartAddListId', listid);
  _satellite.track('analyticsAddToCart');
}

//TRACK WEBCOLLAGE
function analyticsTrackWebCollage() {
	_satellite.logger.log("Backend direct call to analyticsTrackWebCollage");
	_satellite.track('webCollage');
    /*s.linkTrackEvents="event73";
    s.events="event73";		
    s.tl(this,'o','webcollage');*/
}

</script> <script type="text/html" id="reAuthModal">
	<div class="js-reAuthContent o-dialog__reAuth" data-automation="365Auth-modal-content">
		<div class="o-dialog__container--content">
			<h2 class="u-kilo u-verticalAlign--middle">
				<i aria-hidden="true" class="gicon-exclamation-circle u-verticalAlign--inherit u-color--orange"></i>
				<span>Enter your password</span>
			</h2>

			<p>We need to verify your credentials before proceeding</p>

			<div class="soft-alert hidden js-reAuthServerError">
				<span>Login failed</span>
			</div>

			<div class="m-field">
				<label class="a-label">Hi <span class="js-reAuthUsersName"></span></label>
				<i aria-hidden="true" class="gicon-chevron-right u-margin-s--right u-color--blue"></i><a href="https://www.walmart.ca/ws/secure/en/sign-out" data-automation="365Auth-NotYou">Not you?</a>
			</div>

			<div class="m-field m-field--hasIcon">
				<label class="a-label" for="reAuthPassword">Password</label>
				<input
					name="reAuthPassword"
					type="password"
					class="a-input js-reAuthPassword"
					autocomplete="off"
					data-automation="365Auth-Password"
					data-required="true"
					data-error-required="Password is a required field"
					data-error-capsOn="Caps Lock on"
					/>
				<button
					aria-label="Password visibility toggle"
					id="reAuthIconTrigger"
					class="a-btn--reset gicon-eye a-inputIcon">
				</button>
			</div>

			<i aria-hidden="true" class="gicon-chevron-right u-margin-s--right u-color--blue"></i><a href="/forgot-password" data-automation="365Auth-ForgotPwd">Forgot your password?</a>
		</div>

		<div class="o-dialog__container--btn">
			<button class="a-btn a-btn--primary js-reAuthConfirm" data-automation="365Auth-Confirm">
				Confirm
				<span class="loading-icon-svg"></span>
			</button>
		</div>
	</div>
</script> <script type="text/html" id="about-our-ads-template">
	<div role="dialog" class="u-flex u-flex--ie u-flex--directionColumn">
		<div id="about-ads-section-text" class="o-dialog__container--scrollable o-dialog__container--padded"></div>
		<div class="o-dialog__footer">
			<div id="about-ads-section-buttons" class="o-dialog__container--footer">
				<div class="o-dialog__footer__title">
					<h2 class="u-margin--reset">
						Was this answer helpful?
					</h2>
				</div>
				<div class="o-dialog__footer__btn">
					<button id="about-ads-trigger-yes" class="a-btn a-btn--primary a-btn--rounded a-btn--auto" data-automation="yes-button">Yes</button>
					<button id="about-ads-trigger-no" class="a-btn a-btn--primary a-btn--rounded a-btn--auto" data-automation="no-button">No</button>
				</div>
			</div>
			<div id="about-ads-section-thanks" class="o-dialog__container--footer u-isHidden">
				<div class="o-dialog__footer__title">
					<h2 class="u-margin--reset">
						Thank you for your feedback
						<i class="gicon-check-thin u-margin--left"></i>
					</h2>
				</div>
			</div>
			<div id="about-ads-section-help" class="o-dialog__container--footer u-isHidden">
				<div class="o-dialog__footer__title">
					<h2 class="u-margin--reset">Still need help?</h2>
				</div>
				<div class="o-dialog__footer__btn">
					<a href="/en/help/contact-us/online-shopping" class="a-btn a-btn--orange a-btn--rounded a-btn--auto" data-automation="contact-us-button">Contact Us</a>
				</div>
			</div>
		</div>
	</div>
</script> <script type="text/html" id="fancy-price-template">
	<!-- ko if : $data < 1 -->
		<!-- ko if : $data == 0 -->
			<span class="price-dollar"></span>
		<!-- /ko -->
		<!-- ko ifnot : $data == 0 -->
			<span aria-hidden="true">
				<span class="price-dollar" data-bind="centOnlyText: $data"></span><sup>&cent;</sup>
			</span>
			<span class="visually-hidden" data-bind="screenReaderPriceText: $data"></span>
		<!-- /ko -->
	<!-- /ko -->

	<!-- ko ifnot : $data < 1 -->
		<span aria-hidden="true">
			
				<sup>$</sup><span class="price-dollar" data-bind="dollarOnlyText: $data"></span><sup class="price-cent" data-bind="centOnlyText: $data"></sup>
			
		</span>
		<span class="visually-hidden" data-bind="screenReaderPriceText: $data"></span>
	<!-- /ko -->

	<!-- ko ifnot : $data == 0 -->
		<sup aria-hidden="true" class="hide asterisk">**</sup>
		<span class="visually-hidden">**. Conditions apply. Prices are based on your shipping location, and are subject to change in different shipping locations.</span>
	<!-- /ko -->
</script> <script type="text/html" id="fancy-price-with-zeros-template">
	
		<!-- ko if : $data < 1 -->
			<!-- ko if : $data == 0 -->
				<sup>$</sup><span class="price-dollar">0</span><span class="visually-hidden">.</span><sup class="price-cent">00</sup>
			<!-- /ko -->
			<!-- ko ifnot : $data == 0 -->
				<span class="price-dollar" data-bind="centOnlyText: $data"></span><sup>&cent;</sup>
			<!-- /ko -->
		<!-- /ko -->
		<!-- ko ifnot : $data < 1 -->
			<sup>$</sup><span class="price-dollar" data-bind="dollarOnlyText: $data"></span><span class="visually-hidden">.</span><sup class="price-cent" data-bind="centOnlyText: $data, visible: true"></sup>
		<!-- /ko -->
	
</script> <script type="text/html" id="add-to-cart-modal-template">
	<!--ko if: skuId==$root.lastSkuId()-->
	<div id="cart-modal-banner-top" data-bind="template: { name:'add-to-cart-media-banner-template', foreach: $root.mediaBannerTop }"></div>
	<h3 id="ac-title" class="gicon-check-circle">Successfully updated <a href='/cart'>your cart</a>.</h3>
	<div class="img-wrapper"><img id="ac-img" data-bind="attr: {src: imageUrl, alt: title}, event: {error: onImgLoadError}" /></div>
	<ul id="ac-details">
		<li id="ac-name" data-bind="text: title"></li>

		<!--
		<li id="ac-seller-name-label">Sold and shipped by <span data-bind="text: $root.sellerName"></span><span class="fade"></span></li>
		-->
		<li id="ac-seller-name-label">Sold and shipped by
			<!-- ko ifnot: $root.sellerLink -->
			<span data-bind="text: $root.sellerName"></span>
			<!-- /ko -->
			<!-- ko if: $root.sellerLink -->
			<a data-bind="attr: { href: $root.sellerLink }, text: $root.sellerName"></a>
			<!-- /ko -->

			<span class="fade"></span>
		</li>

		<ul class="product-attributes" data-bind="foreach: itemAttributes, visible : itemAttributes().length > 0">
			<li>
				<label class="label-attribute" data-bind="text: walmart.lang == 'fr' ? $data.label + ' :' : $data.label + ':'">Colour:</label>
				<b data-bind="visible: $data.value, text: $data.value">Dark Brown</b>
			</li>
		</ul>

		<li id="ac-price" data-bind="visible: !isAssociate"><span class="add-to-cart-modal-price" data-bind="template: { name: 'fancy-price-template', data: getSumPrice()}"></span></li>
		<li id="ac-price" data-bind="visible: isAssociate"><s data-bind="template: { name: 'fancy-price-template', data: getSumCurrentPrice()}"></s></li>
		<li id="ac-price" data-bind="visible: isAssociate"><span class="add-to-cart-modal-price" data-bind="template: { name: 'fancy-price-template', data: getSumPrice()}"></span></li>
		<li id="each-price" data-bind="visible: quantity() > 1"><span data-bind="template: { name: 'fancy-price-template', data: unitPrice()}"></span>&nbsp;each</li>
		<li class="price-regular" data-bind="visible : isDiscounted">
			<span class="label-attribute">Was: </span>
			<s data-bind="currencyText: regularPrice"></s> <span data-bind="visible: quantity() > 1">each</span>
		</li>
		<li><span class="qty-label">Qty:</span></li>
		<li>
			<input type="hidden" name="productId" id="analytics-product-id" data-bind="attr : {'data-analytics-type' : 'productId', 'data-analytics-value' : productId }">
			<input type="hidden" name="skuId" id="analytics-sku-id" data-bind="attr : {'data-analytics-type' : 'skuId', 'data-analytics-value' : skuId }">
			<button type="button" class="less button-list" data-bind="click: $root.decreaseQuantity, enable: quantity() > minOrderQuantity(), attr : {id : 'less-btn-popup'}" title=""><i>&#8211;</i></button>
			<span class="qty-wrap">
				<input type="tel" class="qty" size="4" maxlength="3" data-bind="value: quantity, event: { change:$root.updateQuantity}, attr : {id : 'qty-input-popup'}, css: { atMinQty: quantity() === minOrderQuantity() && minOrderQuantity() > 1 } " />
				<label for="qty-input-popup" class="minQtyLabel" data-bind="visible: quantity() === minOrderQuantity() && minOrderQuantity() > 1">min</min>
			</span>
			<button type="button" class="more button-list" data-bind="click: $root.increaseQuantity, attr : {id : 'more-btn-popup', 'disabled': overMaximumQuantity() }" title=""><i>+</i></button>
		</li>
		<!-- ko if: $root.isAutoSaveAvailable() && sellerId === "0" -->
		<li><div class="og-offer" data-og-module="cart_modal" data-bind="attr: {'data-og-product': skuId}"></div></li>
		<!-- /ko -->
	</ul>
	<div id="ac-ctas">
		<a class="button" data-automation="a2c-checkout-cta" data-bind="css: {'disabled': $root.disablePopupCheckout()}, attr: {href: ($root.disablePopupCheckout() ? 'javascript: void(0);' : 'https://www.walmart.ca/cart')}">Check out</a>
		<a href="JavaScript:void(0);" data-bind="click: $root.closeModal" class="button-list close">Continue shopping</a>
		<!--// do not remove
		// '<button type='button' class='button-list add-to-list-btn'>Add to List</button>'+-->

	</div>
	<div id="cart-modal-banner-top" data-bind="template: { name:'add-to-cart-media-banner-template', foreach: $root.mediaBannerBottom }"></div>
	<!--
	todo: need to generalize this to RS instead of RR
	<div id="rs-wrap"><div class="rs-add-to-cart-loader"></div></div> -->
	<div id="rr-wrap"><div class="rr-add-to-cart-loader"></div></div>
	<!--/ko-->
</script> <script type="text/html" id="credit-card-form">
	<div data-bind="validationOptions: validationOptions">

		<h3>Card Details</h3>

		<fieldset class="o-fieldset" data-automation="card-input-form">
			<div id="name-fields" class="u-flex--minTablet" data-bind="with: newAddress">
				<div class="m-field u-margin--right--minTablet">
					<label class="a-label" data-bind="attr: { for: $parent.id + '-first-name' }">
						First name *
					</label>
					<input type="text"
						class="a-input"
						data-bind="value: firstName, attr: { id: $parent.id + '-first-name' }"
						data-required="true" aria-required="true"
						data-error-required="Please enter your first name."
						data-error="Please enter a valid first name."
						data-error-automation="billing-first-name-error"
						autocomplete="off"
						maxlength="32"
						data-automation="first-name-input"
					/>
				</div>

				<div class="m-field u-margin--left--minTablet">
					<label class="a-label" data-bind="attr: { for: $parent.id + '-last-name' }">
						Last name *
					</label>
					<input type="text"
						class="a-input"
						data-bind="value: lastName, attr: { id: $parent.id + '-last-name' }"
						data-required="true" aria-required="true"
						data-error-required="Please enter your last name."
						data-error="Please enter a valid last name."
						data-error-automation="billing-last-name-error"
						autocomplete="off"
						maxlength="31"
						data-automation="last-name-input"
					/>
				</div>
			</div>

			<div data-bind="with: newCard">
				<div class="m-field">
					<label class="a-label" data-bind="attr: { for: $parent.id + '-card-no' }">
						Card number *
					</label>
					<input
						class="a-input"
						data-bind="value: creditCardNo, valueUpdate: 'blur', event:{ input: applyMaxLength, 'keydown': numbersOnly}, attr: { id: $parent.id + '-card-no' }"
						maxlength="16"
						type="tel"
						data-automation="card-number-input"
					/>
					<span class="error" role="alert" data-bind="validationMessage: creditCardNo" data-automation="card-number-error"></span>
				</div>

				<div class="u-flex">
					<div class="m-field u-flex--grow2 u-margin--right">
						<label class="a-label" data-bind="attr: { for: $parent.id + '-expiry-month' }">
							Expiry *
						</label>
						<div class="u-flex u-flex--itemsCenter">
							<input type="number"
								class="a-input"
								placeholder="MM"
								data-bind="value: expiryMonth, valueUpdate: 'blur', event:{ input: applyMaxLength }, attr: { id: $parent.id + '-expiry-month' }"
								maxlength="2"
								data-automation="expiry-month-input"
							/>

							<span class="marg-l-1 u-margin--right">/</span>

							<input type="number"
								class="a-input"
								placeholder="YY"
								data-bind="value: expiryYear, valueUpdate: 'blur', event:{ input: applyMaxLength }, attr: { id: $parent.id + '-expiry-year' }"
								maxlength="2"
								data-automation="expiry-year-input"
							/>
						</div>
					</div>

					<div class="m-field u-flex--shrink2">
						<div class="u-flex u-flex--directionColumn">
							<input
								class="a-input u-flex--order2"
								type="number"
								data-bind="value: securityCode, valueUpdate: 'blur', event: { input: applyMaxLength }, attr: { id: $parent.id + '-security-code'}"
								maxlength="4"
								data-automation="security-code-input"
							/>
							<label class="a-label u-flex--order1 js-security-code-tooltip" data-bind="attr: { for: $parent.id + '-security-code'}">
								
								<a href="javascript:;" class="popup-opener popup-align-left " data-title="&lt;b&gt;MasterCard and Visa:&lt;/b&gt; The security code is the last three digits on the signature strip on the back of your card.&lt;br /&gt;&lt;br /&gt;&lt;b&gt;American Express:&lt;/b&gt; The security code is the four digit number on the front of your card, above the card number." data-title-headline="">
									<span class="tooltip-text">Security code *</span>
								</a>
							</label>
						</div>
					</div>
				</div>

				<div class="credit-card-field-errors u-margin--bottom">
					<div class="error" role="alert" data-bind='validationMessage: expiryMonth' data-automation="expiry-month-error"></div>
					<div class="error" role="alert" data-bind='validationMessage: expiryYear' data-automation="expiry-year-error"></div>
					<div class="error" role="alert" data-bind='validationMessage: securityCode' data-automation="security-code-error"></div>
				</div>

				<div id="payment-methods" class="u-margin--bottom">
					<span class="a-creditCards a-creditCards&#45;&#45;world-rewards isInactive"
														title="Walmart World Rewards"
												        data-bind="css: {isActive: wwrmIsActive()}">
						<img class="coreWorld-card" src="/assets/img/cart/2f1ea4795b3e37fe31d2541aa1828202-WalmartWorldCard-en.svg" />
					</span>
					
					<span
						class="a-creditCards a-creditCards--rewards isInactive"
						title="Walmart Rewards"
						data-bind="css: {isActive: wrmIsActive()}"
					>
						Walmart Rewards
					</span>
					<span
						class="a-creditCards a-creditCards--amex isInactive"
						title="America Express"
						data-bind="css: {isActive: amexIsActive()}"
					>
						America Express
					</span>
					<span
						class="a-creditCards a-creditCards--masterCard isInactive"
						title="MasterCard"
						data-bind="css: {isActive: mcIsActive()}"
					>
						MasterCard
					</span>
					<span
						class="a-creditCards a-creditCards--visa isInactive"
						title="VISA"
						data-bind="css: {isActive: visaIsActive()}"
					>
						VISA
					</span>
				</div>
			</div>

			<div id="name-fields" data-bind="with: newAddress">
				<div class="m-field u-flex u-flex--directionColumn" data-bind="attr: { for: $parent.id + '-phone' }">
					<input type="tel"
						class="a-input u-flex--order2"
						data-bind="valueWithChangeEvt: phone, event: { blur: onPhoneBlur }, attr: { id: $parent.id + '-phone' }"
						aria-required="true"
						data-required="true"
						data-validate="phoneNumber"
						data-error-required="Please enter your phone number."
						data-error="Sorry, that phone number was not recognized."
						data-error-automation="billing-phone-error"
						data-automation="phone-input"
					/>
					<label class="a-label u-flex u-flex--justifyBetween u-flex--order1 js-phone-tooltip ">
						<span>Phone *</span>
						<a href="#" class="popup-opener why-tooltip popup-align-left " data-title="Your phone number is required as part of your billing address to validate your credit card information. We will never sell or share your number, or use it for unsolicited marketing." data-title-headline="">
							<span class="tooltip-text ">Why?</span>
							<span class=""></span>
						</a>
					</label>
				</div>
			</div>
		</fieldset>
	</div>
</script> <script type="text/html" id="billing-address-form">

	<h3>Billing Address</h3>

	<div class="grey-box-notice marg-b-1unit" data-automation="address-reminder">
		Your billing information must match what your bank or card issuer has on file.
	</div>

	<div id="billing-address-holder" data-automation="billing-address-holder" data-bind="with: newAddress">

		<div class="m-field m-field--horizontal">
			<div class="a-radio u-flex--basis0 marg-r-1">
				<input type="radio" id="hasAccountChk-ca" value="CA" name="hasAccountChk" data-bind="checked: $root.country()" data-automation="canada-radio-btn" />
				<label for="hasAccountChk-ca" data-bind="click: function() { $root.addCardModalCountryRadios('CA') }">Canada</label>
			</div>
			<div class="a-radio u-flex--basis0">
				<input type="radio" id="hasAccountChk-usa" value="USA" name="hasAccountChk" data-bind="checked: $root.country()" data-automation="usa-radio-btn" />
				<label for="hasAccountChk-usa" data-bind="click: function() { $root.addCardModalCountryRadios('USA') }">USA</label>
			</div>
		</div>

		<div id="billingAddressAutocomplete" class="u-flex--minTablet">
			<div class="addressAutocomplete m-field u-margin--right--minTablet"data-bind="attr: { for: $parent.id + '-address1' }">
				<label class="a-label">
					Address line 1 *
				</label>
				<input type="text"
					class="a-input"
					data-bind="valueWithChangeEvt: address1, addressComplete: {onAddressCompleted: update, getCountryId: $root.country()}, attr: { id: $parent.id + '-address1' }" autocomplete="off" autocorrect="off"
					aria-required="true"
					data-required="true"
					data-error-required="Please enter your address."
					data-error-automation="billing-address1-error"
					autocomplete="off"
					maxlength="70"
					data-automation="address1-input"
				/>
			</div>

			<div class="m-field u-margin--left--minTablet" data-bind="attr: { for: $parent.id + '-address2' }">
				<label class="a-label">
					Address line 2 (optional)
				</label>
				<input type="text"
					class="a-input"
					placeholder="e.g. Apartment, suite, RR#"
					data-bind="valueWithChangeEvt: address2, attr: { id: $parent.id + '-address2' }"
					autocomplete="off"
					maxlength="70"
					data-automation="address2-input"
				/>
			</div>
		</div>

		<div>
			<div class="u-flex--minTablet">
				<div class="m-field u-margin--right--minTablet" data-bind="attr: { for: $parent.id + '-city' }">
					<label class="a-label">
						City *
					</label>
					<input type="text"
						class="a-input"
						data-bind="valueWithChangeEvt: city, attr: { id: $parent.id + '-city' }"
						aria-required="true"
						data-required="true"
						data-error-required="Please enter your city."
						data-error-automation="billing-city-error"
						autocomplete="off"
						maxlength="35"
						data-automation="city-input"/>
				</div>

				<div class="m-field u-margin--left--minTablet">
					<label class="a-label" data-bind="text: $root.country() == 'USA' ? 'State *' : 'Province/Territory *'"></label>
					<select
						class="a-input--width100"
						data-bind="options: $root.availableBillingProvinces, optionsText: 'name', optionsValue: 'id', value: $root.billingProvinceSelect, optionsCaption: 'Select', attr: { 'data-error-required': $root.country() == 'USA' ? 'Please select your state.' : 'Please select your province.' }, fireChangeOnUpdate: province"
						aria-required="true"
						data-required="true"
						data-error-automation="billing-province-error"
						data-automation="province-input">
					</select>
				</div>
			</div>

			<div class="m-field" data-bind="attr: { for: $parent.id + '-postal-code' }">
				<label class="a-label" data-bind="text: $root.country() == 'USA' ? 'Zip Code *': 'Postal code *'"></label>
				<input type="text"
					class="a-input"
					data-bind="valueWithChangeEvt: postcode, event: {blur: $root.formatPostalCode},
						attr: {'data-validate': $root.country() == 'USA' ? 'postalCodeUs' : 'postalCodeCa',
							'data-error': $root.country() == 'USA' ? 'Please enter a valid Zip Code' : 'Please enter a valid Postal Code',
							'data-error-required': $root.country() == 'USA' ? 'Zip Code is a required field' : 'Postal Code is a required field',
							id: $parent.id + '-postal-code'}"
					aria-required="true"
					data-required="true"
					data-error-automation="billing-postalcode-error"
					data-automation="postalcode-input"
				/>
			</div>
		</div>
	</div>
</script> <script type="text/html" id="add-credit-card">
	<div>
		<div class="step-content" data-automation="credit-card-edit-view">
			<div class="o-dialog__container--content">
				<form
					id="checkout-credit-card-form"
					class="content-wrap row clearfix "
					data-automation="card-info"
					autocomplete="off" novalidate
				>
					<div
						data-bind="template: { name: 'credit-card-form',
							data: {
								id: 'credit-card',
								userData: null,
								savedCards: null,
								newCard: newPaymentMethod,
								newAddress: newPaymentMethod().billingAddress(),
								selectedPaymentId: null,
								selectPaymentClick: null,
								attachedPaymentMethodId: null,
								showForm: true,
								hasRemoveButtons: false,
								validationOptions: validationOptions
							}}"
					></div>
				</form>

				<form
					id="checkout-billing-address-form"
					class="content-wrap row clearfix"
					data-automation="billing-info"
					autocomplete="off" novalidate
				>
					<div
						data-bind="template: { name: 'billing-address-form',
						data: {
							id: 'credit-card',
							userData: null,
							newAddress: newPaymentMethod().billingAddress(),
							showForm: true,
							billingSameAsShipping: false
						}}"
					></div>
				</form>
			</div>

			<div id="add-cc-modal-btn" class="o-dialog__container--btn">
				<div id="set-primary-error-msg" role="alert" class="soft-alert" data-bind="visible : $root.isAddCardError()">
					Unfortunately, we could not complete this action. Please try again.
				</div>

				<button id="add-cc-modal-btn" data-automation="save-btn" data-bind="click: $root.applyCreditCardClick, css: {'isLoading': $root.isAddCardLoading()}" class="js-addCreditCardModalSubmit a-btn a-btn--primary ">
						Save Credit Card
					<span class="loading-icon-svg"></span>
				</button>
			</div>
		</div>
	</div>
</script> <script type="text/html" id="set-primary-card-modal-template">
	<h3 id="set-primary-title">You are changing your Primary Card</h3>
	<p id="set-primary-description">Your Primary Card will be used as a back-up in case of an issue with any subscription payment methods</p>
	<div id="set-primary-error-msg" role="alert" class="soft-alert" data-bind="visible : $root.isSetPrimaryCardError()">Unfortunately, we could not complete this action. Please try again.</div>
	<button id="update-card-btn" class="a-btn a-btn--primary" data-bind="click : $root.setCardAsPrimary, css: {'loading': $root.isSetPrimaryCardLoading()}" data-automation="update-primary-cc-btn">
		Update Primary Card
		<span class="loading-icon-svg"></span>
	</button>
	<button class="js-primaryCardReAuthCancel a-btn" data-bind="click : $root.cancelSetAsPrimary" data-automation="cancel-primary-btn">
		Cancel
	</button>
</script> <script type="text/html" id="credit-card-auth-success">
	<h1 class="heading">Saved!</h1>
	<p class="copy">Your credit card has been successfully saved.</p>
	<div class="button-container">
		<button class="a-btn a-btn--rounded a-btn--small a-btn--outline close-button" data-bind="click: $root.closeAuthSuccessLightbox()">Close</button>
	</div>
</script> <script type="text/html" id="credit-card-auth-add-fail">
	<h1 class="heading"><i aria-hidden="true" class="gicon-exclamation-circle u-verticalAlign--inherit u-color--orange"></i> Sorry!</h1>
	<p class="copy">We couldn’t verify the credit card information. Review the details and try again.</p>
	<div class="button-container">
		<button class="a-btn a-btn--rounded a-btn--primary a-btn--small" data-bind="click: $root.closeAuthAddFailReviewDetails">Review Details</button>
		<button class="a-btn a-btn--rounded a-btn--small a-btn--outline" data-bind="click: $root.closeAuthAddFailLightbox">Close</button>
	</div>
</script> <script type="text/html" id="credit-card-auth-edit-fail">
	<h1 class="heading"><i aria-hidden="true" class="gicon-exclamation-circle u-verticalAlign--inherit u-color--orange"></i> Sorry!</h1>
	<p class="copy">We couldn’t verify the credit card information. Review the details and try again.</p>
	<div class="button-container">
		<button class="a-btn a-btn--rounded a-btn--primary a-btn--small" data-bind="click: $root.editFailReviewDetails">Review Details</button>
		<button class="a-btn a-btn--rounded a-btn--small a-btn--outline" data-bind="click: $root.closeEditFailAndReset">Close</button>
	</div>
</script> <script type="text/html" id="analytics-price-template">
	<span style="display:none;" data-analytics-type="product-price" class="product-price-analytics" data-analytics-value="" data-bind="attr: { 'data-analytics-value': $data }">
	</span>
</script> <script type="text/html" id="add-to-cart-media-banner-template">
	<div data-bind="attr: { id: id, class: containerClass}" role="complementary" aria-label="Banner Advertising">
		<!--ko if: link -->
		<a data-bind="attr: { href: link }">
			<img data-bind="attr: { alt: image.altText, title: image.altText, src: image.src, class: image.imgClass, contentWidth: image.width, contentHeight: image.height }" />
		</a>
		<!-- /ko -->
		<!-- ko ifnot: link -->
		<img data-bind="attr: { alt: image.altText, title: image.altText, src: image.src, class: image.imgClass, contentWidth: image.width, contentHeight: image.height }" />
		<!-- /ko -->
	</div>
</script> <script type="text/html" id="price-per-unit-tooltip-template">
	<a class="popup-opener popup-align-left price-unit-tooltip" data-title-headline="" data-title="This is a unit of measurement to help you compare the value of this item. Please know, this is not the price of the item itself." data-bind="text: $data, attr:{'aria-label' : '. Price is measured as ' + $data}"></a>
</script> <script type="text/html" id="variable-weight-tooltip-template">
	<div class="variable-weight hide">
		<button class="popup-opener popup-align-left wal-tooltip-button variable-weight-tooltip" data-title-headline="" data-title="This item is priced based on variable weight. You will be charged for the actual weight picked, which may be the same or less than the amount advertised at the time you place your order.">or less</button>
	</div>
</script> <script type="text/html" id="map-pricing-tooltip-template">
	<div class="popup-opener map-pricing-tooltip" data-title="Walmart is unable to display the product price here. You can view the price after you <strong>add the item to your cart.</strong>" data-title-headline="" role="tooltip">
		<button type="button" class="map-pricing" title="Price hidden"></button>
	</div>
</script> <script type="text/html" id="store-avail-tooltip-template">
	<div class="wal-tooltip mystore">
		<p><span class="availability"></span>:</p>
		<a class="store-name"></a>
		<p class="address"></p>
		<p class="city"></p>
		<p class="phone">Phone:<span></span></p>
		<div class="store-hours">
		</div>
		<a href="#" class="store-link"><span class="arrow-blu">›</span>Store details</a>
		<span class="arrow-tip top"></span>
	</div>
</script> <script type="text/html" id="catchment-template">

	<div id="catchment-icon-wrap"><span id="catchment-icon"></span></div>

	<form action="" method="POST" novalidate="" data-scrollable="true" data-analytics-type="postcodeConfirm-form">
		<div class="title">Is this your postal code?</div>
		<div class="subtitle">We use your postal code to determine product availability and delivery estimates. Please enter your postal code if the one shown is incorrect.</div>
		<label>
			<input type="text" name="catchment-postal-code" spellcheck="false" aria-required="true" data-required="true" data-validate="postalCodeCa" data-error-required="Postal Code is a required field" data-error="Please enter a valid Postal Code" placeholder="Postal Code" aria-describedby="catchment-postal-code-error">
		</label>
		<div><button type="button" class="button-submit">Confirm postal code <span class="visually-hidden"></span></button></div>
	</form>
</script> <script type="text/html" id="tooltip-template">
	<span class="wal-tooltip" data-automation="wal-tooltip">
		<b data-automation="tooltip-title">{{title}}</b>
		<span role="alert" data-automation="tooltip-copy">{{copy}}</span>

		<button class="button-text-like gicon-cross" aria-label="Close" title="Close" data-automation="tooltip-close"></button>
		<span class="arrow-tip"></span>
	</span>
</script> <script type="text/html" id="registry-dropdown-template">
	<div class='dropdown-content' role='tablist'>
		<div class="scroll-content">
			<ul class='items-list'>
			</ul>
		</div>
		<div class='button-with-x-image-right' tabindex='0'><i class="gicon-cross"></i>Close</div>
	</div>
</script> <script type="text/html" id="atl-dropdown-template">
	<div class='dropdown-content' role='tablist'>
		<div class="scroll-content">
			<ul class='items-list'>
				<p class='empty-list-msg'>To save the list forever, youll need to <a href=/sign-in>sign in</a> or <a href=/create-account>create an account</a>.</p>
			</ul>
		</div>
		<div class='add-item-to-list' tabindex='0'>Create new list
			<span class='toggle-symbol'>+</span>
		</div>
		<div class='dDInput' style='display:none;'>
			<input name='new-list-name' class='text-input' placeholder="List title"><button class='save-list-btn button-action' analytics-trigger="gen-list" analytics-data="createlist">Create</button>
		</div>
		<div class='button-with-x-image-right' tabindex='0'><i class="gicon-cross"></i>Close</div>
	</div>
</script> <script type="text/html" id="atl-copy-button-template">
	<div class="atl-copy-btn">
		<span class="loading-icon" role="progressbar"></span>
		<button class="button-list wgrid-2of12 wgrid-2of8 wgrid-4of4 marg-r-0 float-r" analytics-data="clonelist" data-bind="attr: { 'analytics-trigger': analyticsTrigger}, click: doCopy, formatText : {data: [labelData()], base: labelBase}"></button>
		<div class="confirm-add wgrid-4of4 wgrid-3of12 wgrid-3of8 marg-r-0" role="alertdialog" aria-hidden="true">
			<div class="confirm-body"></div>
			<div class="button-with-x-image-right" tabindex='0' role="button"><i class="gicon-cross"></i>Close</div>
		</div>
	</div>
</script> <script type="text/html" id="addtocart-accessibility-template">
	<!-- ko if : quantity() == 1 -->
		1 item currently in your cart.
	<!-- /ko -->
	<!-- ko if : quantity() > 1 -->
		<span data-bind="text: quantity"></span> items currently in your cart.
	<!-- /ko -->
	Product name is <span data-bind="maxLengthText: {data : title}"></span>.  <span data-bind="currencyText: unitPrice"></span> price per product. <span data-bind="currencyText: getSumPrice"></span> subtotal price.
</script> <script type="text/html" id="dynamic-thumb-qty-template">

	<!--ko if: $data.item != null -->
		<div class="item-in-cart-count">
			<!-- ko if : ($data.variants == 0 || $data.variants == 1) && $data.item.quantity() >= 1 -->
			<span data-bind="text: $data.item.quantity()"></span>
			<!-- /ko -->
			<!-- ko if : $data.variants > 1 && $data.item.productRollupQty() >= 1 -->
			<span data-bind="text: $data.item.productRollupQty()"></span>
			<!-- /ko  -->
		</div>
	<!-- /ko -->
</script> <script type="text/html" id="dynamic-thumb-qty-template-only-for-screen-reader">

	<!--ko if: $data.item != null -->
		<!-- ko if : ($data.variants == 0 || $data.variants == 1) && $data.item.quantity() >= 1 -->
		<span>You have <span data-bind="text: $data.item.quantity()"></span> of this item in your cart.</span>
		<!-- /ko -->
		<!-- ko if : $data.variants > 1 && $data.item.productRollupQty() >= 1 -->
		<span>You have <span data-bind="text: $data.item.quantity()"></span> of this item in your order.</span>
		<!-- /ko  -->
	<!-- /ko -->
</script> <script type="text/html" id="qty-toggle-sku-template">
	<fieldset class="quantity-controls" data-bind="attr: { 'aria-labelledby': 'quantity-label-' + $data.skuId }">
		<span data-bind="attr: { id: 'quantity-label-' + $data.skuId }" class="visually-hidden">Quantity Amount</span>
		<button class="minus button-list" data-bind="click: $root.decreaseQuantityUntilRemoved, attr: { 'aria-controls': 'productQty-' + $data.skuId }">
			<span class="button-list__sign" aria-hidden="true">&ndash;</span>
			<span class="visually-hidden">
				<!-- ko if : $data.quantity() == 1 -->
				Remove item from cart.
				<!-- /ko -->
				<!-- ko if : $data.quantity() > 1 -->
				Decrease quantity in cart by 1.
				<!-- /ko -->
				<div data-bind="template: { name: 'addtocart-accessibility-template' }"></div>
			</span>
		</button>
		<label data-bind="attr: { for: 'productQty-' + $data.skuId }">
			<div class="visually-hidden">
				Type to change quantity in cart.
				<div data-bind="template: { name: 'addtocart-accessibility-template' }"></div>
			</div>
			<input type="text" name="productQty" maxlength="3"
				aria-live="assertive"
				data-bind="value: quantity, event: { change:$root.updateQuantity, keydown:$root.updateQuantityKeyDown}, attr: { id: 'productQty-' + $data.skuId }" />
		</label>

		<button class="plus button-list" data-bind="click: $root.increaseQuantity, attr: { 'aria-controls': 'productQty-' + $data.skuId, 'disabled': overMaximumQuantity() }">
			<span class="button-list__sign" aria-hidden="true">+</span>
			<span class="visually-hidden">
				Increase quantity in cart by 1.
				<div data-bind="template: { name: 'addtocart-accessibility-template' }"></div>
			</span>
		</button>
	</fieldset>
</script> <script type="text/html" id="qty-toggle-variants-template">
	<fieldset class="quantity-controls variants" data-bind="attr: { 'aria-labelledby': 'quantity-label-' + $data.skuId }">
		<span data-bind="attr: { id: 'quantity-label-' + $data.skuId }" class="visually-hidden">Quantity Amount</span>
		<button class="minus button-list" data-bind="attr: { 'aria-controls': 'productQty-' + $data.skuId }">
			<span class="button-list__sign" aria-hidden="true">&ndash;</span>
			<span class="visually-hidden">
				<!-- ko if : $data.productRollupQty() == 1 -->
				Remove item from cart.
				<!-- /ko -->
				<!-- ko if : $data.productRollupQty() > 1 -->
				Decrease quantity in cart by 1.
				<!-- /ko -->
				<div data-bind="template: { name: 'addtocart-accessibility-template' }"></div>
			</span>
		</button>
		<label data-bind="attr: { for: 'productQty-' + $data.skuId }">
			<div class="visually-hidden">
				Type to change quantity in cart.
				<div data-bind="template: { name: 'addtocart-accessibility-template' }"></div>
			</div>
			<input type="text" name="productQty" maxlength="3"
				aria-live="assertive"
				data-bind="value: productRollupQty, attr: { id: 'productQty-' + $data.skuId }" />
		</label>
		<button class="plus button-list" data-bind="attr: { 'aria-controls': 'productQty-' + $data.skuId }">
			<span class="button-list__sign" aria-hidden="true">+</span>
			<span class="visually-hidden">
				Increase quantity in cart by 1.
				<div data-bind="template: { name: 'addtocart-accessibility-template' }"></div>
			</span>
		</button>
	</fieldset>
</script> <script type="text/html" id="rollup-items-in-cart-template">
	<!--ko if: $data.item != null -->
		<div class="cart-added">
			<span class="icon"></span>
			<!-- ko if : $data.item.productRollupQty() > 1 -->
				<strong><span data-bind="text: $data.item.productRollupQty()"></span> items</strong> in <a href='/cart'>your cart</a>
			<!-- /ko -->
			<!-- ko if : $data.item.productRollupQty() == 1 -->
				<strong>1 item</strong> in <a href='/cart'>your cart</a>
			<!-- /ko -->
		</div>
	<!-- /ko -->
</script> <script type="text/html" id="remove-address-modal-template">
	<div id="remove-address-modal">
		<div class="o-dialog__container--content">
			<p>Deleting an address that is linked to Subscribe to Save will affect any upcoming deliveries for these subscriptions. Do you wish to continue?</p>
		</div>

		<div class="o-dialog__container--btn">
			<button class="a-btn a-btn--primary js-addressBtnConfirm">
				Yes, remove this address
				<span class="loading-icon-svg"></span>
			</button>
			<button class="a-btn a-btn--outline js-addressBtnCancel">
				Cancel
			</button>
		</div>
	</div>
</script> <script type="text/html" id="remove-credit-card-modal-template">
	<div id="remove-credit-card-modal">
		<div class="lightbox__container--para">
			<p>This card may be linked to a current Subscribe to Save order. Removing a card that is linked to a Subscribe to Save order may affect upcoming deliveries. Are you sure you want to continue?</p>
		</div>
		<div class="lightbox__container--btn">
			<button class='js-removeCardSubscriptionApproveBtn yes-remove-btn a-btn a-btn--primary'>
				Yes, remove this card
			</button>
			<button class='js-removeCardSubscriptionCancelBtn cancel-remove-btn a-btn'>
				Cancel
			</button>
		</div>
	</div>
</script> <script type="text/html" id="remove-primary-credit-card-model-template">
	<div class="lightbox__container--para" role="dialog" aria-labelledby="dialog-title" aria-describedby="dialog-description" data-automation="remove-primary-cc-overlay">
		<h3 id="dialog-title">You are removing your Primary Card</h3>

		<p id="dialog-description">
			<span>Your Primary Card will be used as a back-up in case of an issue with any subscription payment methods</span>
			<br/>
			<br/>
			<span>Please select a new Primary Card</span>
		</p>
	</div>
	<div id="remove-primary-credit-card-model">
		<ol data-bind="foreach: $root.remainingCreditCards()">
			<li class="a-radio a-radio--multipleLines" data-automation="remaining-cards">
				<input type="radio" name="update-credit-card" data-automation="select-primary-radio-btn" data-bind="
					css : { error: $root.updateCardRadioError() == true },
					attr: { id: 'update-credit-card-' + $index() },
					value: $index(),
					event: { change: $root.primaryCardRadioChange }
				" />
				<label data-bind="attr: { 'for': 'update-credit-card-' + $index() }">
					<label data-bind="attr: { 'for': 'update-credit-card-' + $index() }">
						<span data-bind="text : creditCardTypeDisplay()"></span>
						<span>
							<span aria-hidden="true">**** **** ****</span>
							<span data-bind="text : creditCardTrailingDigits()"></span>
						</span>
						<span>
							<span class='card-expiry'>Expiry: <span data-bind="text : month() + '/' + year()"></span></span>
						</span>
					</label>
				</label>
			</li>
		</ol>

		<p data-automation="no-radio-btn-selected" data-bind="visible : $root.updateCardRadioError" class="error">Please select an option above.</p>

		<div id="set-primary-error-msg" role="alert" class="soft-alert" data-bind="visible : $root.isRemoveCardError()">Unfortunately, we could not complete this action. Please try again.</div>

		<div id="update-primary-cards-model" class="lightbox__container--btn">
			<button class="a-btn a-btn--primary" data-automation="update-primary-cc-btn" data-bind="click : $root.primaryCardUpdate, css: {'loading': $root.isRemovePrimaryCardLoading()}">
				Update Primary Card
				<span class="loading-icon-svg"></span>
			</button>

			<button class="js-removeCreditCardNewPrimaryCancel a-btn a-btn--outline" data-automation="cancel-primary-btn" data-bind="click: $root.closeRemovePrimaryCardModal">
				Cancel
			</button>
		</div>
	</div>
</script> <script type="text/html" id="checkout-flow-message-template">
	<div id="checkout-flow-message">
		<span class="arrow_icon"></span> Before you check out, you must choose a location, enter your information and select a time slot.
	</div>
</script> <script type="text/html" id="estimated-delivery-date">
	<span class="edd"><button class="link-button">See estimated delivery date</button></span>
</script> <script type="text/html" id="sold-in-stores">
	<span class="icon-status checkmark"></span><span class="msg" aria-live="assertive" aria-atomic="true" aria-relevant="text">Sold in stores</span>
</script> <script type="text/html" id="mixed-cart-template">
	<div class="header-image marg-b-1unit">
		<img class="was-scheduled-only-content" src="//i.walmartimages.ca/img/grocery/mixed-cart-modal/was-scheduled-only.jpg">
		<img class="was-standard-only-content" src="//i.walmartimages.ca/img/grocery/mixed-cart-modal/was-standard-only.jpg">
	</div>
	<p class="was-scheduled-only-content">This item won't be included in your scheduled grocery order.<br><br>We will ship it separately to the location you choose when you check out.</p>
	<p class="was-standard-only-content">Groceries must be part of a scheduled order; they can't be shipped with the rest of the items in your cart.<br><br>Please schedule a time slot for this item before you check out.</p>
	<button class="button ok-button">OK, got it!</button>
	<a class="button-list marg-b-1unit hide was-standard-only-content" href="/en/scheduled-shopping">Book a time slot</a>
	<div class="align-c">
		<button class="button-text-like remove-item-button">
			<i class="gicon-cross"></i>
			Remove this item
		</button>
	</div>
</script> <script type="text/html" id="product-availability-status">
	<span class="icon-status"></span>
	<span class="msg"></span>
	<div class="fade"></div>
</script> <script type="text/html" id="product-pricing-spacer">
	<div class="price-was"></div>
	<div class="price-cover"></div>
	<div class="price-cover-percent"></div>
</script> <script type="text/html" id="add-to-next-message">
	<div class="alert-box alert-warning">
		<a data-bind="attr: { href: $data.amendableOrderUrl()}" class="header">
			<div class="gicon-grocery-basket">
				<span class="cart-count hide" data-bind="fadeVisible: $data.pendingOrder().details().itemsQty() > 0, text: $data.pendingOrder().details().itemsQty(), visible: $data.pendingOrder().details().itemsQty() != 0"></span>
			</div>
		</a>
		<p class="add-to-next-message" data-bind="html: $data.pendingOrderMessage()"></p>
	</div>
</script> <script type="text/html" id="add-to-next-success">
    <div class="add-to-next-success-lightbox__top">
        <i class="gicon-grocery-basket add-to-next-success-lightbox__icon"></i>
        <h3 class="add-to-next-success-lightbox__title">Update has been completed</h3>
    </div>
    <div class="add-to-next-success-lightbox__bottom">
        <p id="add-to-next-success-message" class="add-to-next-success-lightbox__message">We could not add the item to your order, please try again.</p>
        <button onclick="javascript:void(0);" class="add-to-next-success-lightbox__button">Continue shopping</button>
        <a href="javascript:void(0);" class="gicon-chevron-right add-to-next-success-lightbox__link">View order details</a>
    </div>
</script> <script type="text/html" id="add-to-next-error">
    <div class="add-to-next-error-lightbox__top">
        <i class="gicon-grocery-basket add-to-next-error-lightbox__icon"></i>
        <p class="add-to-next-error-lightbox__title">We’re unable to complete that last change</p>
    </div>
    <div class="add-to-next-error-lightbox__bottom">
        <p id="add-to-next-error-message" class="add-to-next-error-lightbox__message">We could not add the item to your order, please try again.</p>
        <button onclick="javascript:void(0);" class="add-to-next-error-lightbox__button">Ok, got it</button>
        <a href="javascript:void(0);" class="gicon-chevron-right add-to-next-error-lightbox__link">View order details</a>
    </div>
</script> <script type="text/html" id="a2c-or-next-order-button">
	<!-- ko if: $data.amendableOrder.allCallsAreSynchronized -->
		<!-- ko if: $data.amendableOrder.show -->
		
		<button class="button add-to-next-order circle hide" disabled data-bind="visible: $data.amendableOrder.show, show: $data.amendableOrder.show, click: $data.amendableOrder.addToNextOrder, attr: { disabled: $data.amendableOrder.buttonDisabled(), 'data-order-id': $data.amendableOrder.pendingOrder().orderId }, css: { loading: $data.amendableOrder.loading }" analytics-trigger="product" analytics-data="oaprodadd">
			<span class="btn-txt">Add to next order</span>
			<span class="loading-icon"></span>
		</button>
		<!-- /ko -->

		<!-- ko ifnot: $data.amendableOrder.show -->

			
			<!-- ko if: $data.CTA.hasAvailableStatus && !!$data.CTA.text && !$data.viewGrocery -->
			<button class="button add-to-cart-btn hide" data-bind="visible: $data.CTA.hasAvailableStatus, show: (!!$data.CTA.text), css: $data.CTA.status, attr: { 'data-click-tracking-url': $data.trackingUrl, 'data-click-beacon': $data.clickBeacon, 'aria-label': $data.CTA.status + ', ' + $data.CTA.text}">
				<span class="ribbon-arrow hide" data-bind="html: $data.CTA.ribbonText, show: $data.CTA.ribbon">Limited Stock</span>
				<span class="btn-txt" data-bind="text: $data.CTA.text">Add to cart</span>
				<span class="loading-icon"></span>
			</button>
			<!-- /ko -->

			
			<!-- ko if: !$data.CTA.hasAvailableStatus && !!$data.CTA.text -->
			<button class="button view-details-btn hide" data-bind="hidden: $data.CTA.hasAvailableStatus, show: (!!$data.CTA.text), css: $data.CTA.status, click: $data.CTA.viewDetails, disable: !$data.detailUrl && !$data.CTA.isFlyer(), attr: { 'data-detail-url': $data.detailUrl }">
				<span class="btn-txt" data-bind="text: $data.CTA.text">View details</span>
			</button>
			<!-- /ko -->

			
			<!-- ko if: !$data.CTA.hasAvailableStatus && !$data.CTA.text -->
			<button class="button view-details-btn hide" data-bind="show: !$data.CTA.hasAvailableStatus, click: $data.CTA.viewDetails, attr: { 'data-detail-url': $data.detailUrl }">
				<span class="btn-txt">View details</span>
			</button>
			<!--/ko-->

			
			<!-- ko if: $data.CTA.hasAvailableStatus && !!$data.CTA.text  && $data.viewGrocery -->
			<button class="button view-details-btn view-grocery hide" data-bind="visible: $data.CTA.hasAvailableStatus, show: (!!$data.CTA.text), css: $data.CTA.status, click: $data.CTA.viewInGrocery, attr: { 'data-detail-url': $data.detailUrl }">
				<span class="btn-txt">View in Grocery</span>
			</button>
			<!-- /ko -->

		<!-- /ko -->

		<input type="hidden" data-bind="attr: { 'data-analytics-status-online': $data.selectedVariant.availability().statusOnline.status }" />
		<input type="hidden" data-bind="attr: { 'data-analytics-status-store': $data.selectedVariant.availability().statusStore.status }" />

	<!-- /ko -->
</script> <script type="text/html" id="star-ratings">
	 <i class="star"></i>  <i class="star"></i>  <i class="star"></i>  <i class="star"></i>  <i class="star"></i> 
</script> <script type="text/html" id="product-badges">
	<div class="badges" data-analytics-type="badges" data-bind="{ attr: { 'data-analytics-value': $data.badgesAnalytics(), 'aria-hidden' : $data.screenReaderHidden }, css : {'only-for-screen-reader' : !$data.screenReaderHidden} }">
		<!-- ko foreach: { data: $data.badges, as: 'badge' } -->
			<!--ko ifnot: badge.isMultiSave -->
			<span class="badge" data-bind="text: badge.text, style: { color: badge.foregroundColor, background: badge.backgroundColor, border: badge.outlineColor }, attr: { id: badge.id, 'aria-label': 'On ' + badge.text + '.' }"></span>
			<!--/ko-->
		
			<!--ko if: badge.isMultiSave-->
			<div class="multisave-badges" data-bind="css: {'flyer-badges' : walmart.context.pageType === 'flyer'}">
				<div class="multisave-spark-container">
					<!--ko if: walmart.context.pageType === "flyer" -->
					<img src="/assets//img/multisave-badge/Multi-vertical-en.svg"/>
					<!--/ko-->
					<!--ko ifnot: walmart.context.pageType === "flyer" -->
					<img src="/assets//img/multisave-badge/Multi-horizontal-en.svg"/>
					<!--/ko-->
				</div>
				<div class="multisave-price-count-container">
					<span class="badge-count" data-bind="text: badge.multiSave.quantity +' for'"></span>
					<span class="badge-price" data-bind="html: badge.multiSave.price"></span>
				</div>
			</div>
			<!--/ko-->
		
		<!--/ko-->
	</div>
</script> <script type="text/html" id="auto-parts-finder-selected-vehicle">
	<!-- ko if: $data.showSeparator -->
	<li>
		<span class="arrow-rt"></span>
	</li>
	<!-- /ko -->
	<li class="refine">
		<a data-bind="{ attr: { href: $data.src.urlWithNoYMME(), 'data-analytics-value': ($data.src.currentVehicle() && $data.src.currentVehicle().value) } }" class="removable-refinement" data-automation="breadcrumb-result-dynamic-refine" data-analylitcs-type="refinement">
			<span data-bind="text: ($data.src.currentVehicle() && $data.src.currentVehicle().value) + (window.localStorage.getItem('wmtSelectedTrim') ? ', ' + window.localStorage.getItem('wmtSelectedTrim') : '')"></span>
			<i class="gicon-cross-circle"></i>
		</a>
	</li>
</script> <script type="text/html" id="quantity-component">
	
	<div class="qty-wrapper">
		<button type="button" class="decrement button-list" title="remove one"
				data-bind="click: onDecrement, enable: decrementIsEnabled, attr : { id: decrementId, 'analytics-trigger': decAnalyticsTrigger ? decAnalyticsTrigger : null, 'analytics-data': decAnalyticsData ? decAnalyticsData : null }">
			&#8211;
		</button>

		<input type="number" class="qty-input" title="Quantity" size="4" maxlength="3"
				data-bind="css: { atMinQty: showMinMessaging }, value: quantity, enable: isEnabled, event: { change: onChange }, attr : { id: inputId, 'analytics-trigger': inputAnalyticsTrigger ? inputAnalyticsTrigger : null, 'analytics-data': inputAnalyticsData ? inputAnalyticsData : null }" name="productQty"/>
		<label class="minQtyLabel" data-bind="attr: { for: inputId }, visible: showMinMessaging" >min</label>

		<button type="button" class="increment button-list" title="add one more"
				data-bind="click: onIncrement, enable: incrementIsEnabled, attr : { id: incrementId, 'analytics-trigger': incAnalyticsTrigger ? incAnalyticsTrigger : null, 'analytics-data': incAnalyticsData ? incAnalyticsData : null }">
			+
		</button>
	</div>

</script> <script type="text/html" id="substitution-checkbox-component">
	
	<div class="formLike">
		<label>
			<!-- ko if: allowSubstitutions -->
				<input type="checkbox" name="allowSubstitution" data-bind="click: onClick" aria-required="true" checked /><i></i>
			<!-- /ko -->
			<!-- ko ifnot: allowSubstitutions -->
				<input type="checkbox" name="allowSubstitution" data-bind="click: onClick" aria-required="true" /><i></i>
			<!-- /ko -->
			Accept a substitution for this item?
		</label>
	</div>

</script> <script>
	// needs to be on the ready asap + WMTRP-6157
	function searchIt(dimension, tangoId){
		var regex = /\S+\x40+\S+\.+\S+/g;
		var globalSearchTerm = document.getElementById("global-search").value;

		if(walmart.context.isIE89 && ("What are you looking for?" === globalSearchTerm)){
			return false;
		}

		if (globalSearchTerm){
			if(regex.test(globalSearchTerm)){
				document.getElementById("global-search").value = "";
				window.location.assign(window.location.origin);
			} else {
				var searchUrl;

				if (tangoId) {
					searchUrl = (walmart.lang == "fr" ? "/recherche?q=" : "/search?q=") + encodeURIComponent(globalSearchTerm);
					searchUrl += "&c=" + tangoId;
				} else {
					searchUrl = (walmart.lang == "fr" ? "/cherche/" : "/search/") + encodeURIComponent(globalSearchTerm);
					
					if ($("body").hasClass("ghs-experience")) {
						searchUrl += "/N-117";
					} else if (dimension) {
						searchUrl += "/" + dimension;
					}
				}

				var searchDirect = window.location.href = searchUrl;
			}
		}
	}
</script> <script>
	(function(){
		
		var walmart = window.walmart = window.walmart || {};
		var walmartAnalytics = walmart.analytics = walmart.analytics || {};
		walmartAnalytics.breadCrumbs = [];

		
			walmartAnalytics.breadCrumbs.push("Grocery");
		
			walmartAnalytics.breadCrumbs.push("Dairy+%26+Eggs");
		

		walmartAnalytics.refinementsJson = [];
		if (walmartAnalytics.refinementsJson == null){
			walmartAnalytics.refinementsJson = [];
		}
	})();
</script> <script>
		window.walmartData = window.walmartData || {};
		window.walmartData.categoryTree = [
		
		];
	</script> <script>
			tbHlp.startTimer("rjsAll");

			tbHlp.onJsDone = function(){
				tbHlp.endTimer("rjsAll");
				$(window).trigger("jsDone");
				
			};
		</script> <script>
					tbHlp.startTimer("rjsCommon");
				</script> <script src="/assets/javascripts/88aa2330810e7ac73a4e290acafa7e92-common-en.js"></script> <script>
					require(["common"], function() {
						tbHlp.endTimer("rjsCommon");
					});
				</script> <script>
						tbHlp.startTimer("rjsSecondary");
					</script> <script src="/assets/javascripts/app/8aa108f9e4de2defe97d568f3ca2ce0f-shelf-page.js"></script> <script>
						
						require(["common"], function() {
							require(["app/shelf-page"], function() {
								tbHlp.endTimer("rjsSecondary");
							});
						});
					</script> <script>
					require(["common"], function() {
						
						
							require(["app/shelf-page"], function() {
								
								
									tbHlp.onJsDone();
								
							});
						
					});
				</script> <script type="text/javascript">
    
    // ForeSee Production Embed Script v2.01
    // DO NOT MODIFY BELOW THIS LINE *****************************************
    ;(function (g) {
    var d = document, am = d.createElement('script'), h = d.head || d.getElementsByTagName("head")[0], fsr = 'fsReady',
    aex = {
        "src": "//gateway.foresee.com/sites/walmart-ca/production/gateway.min.js",
        "type": "text/javascript",
        "async": "true",
        "data-vendor": "fs",
        "data-role": "gateway"
    };
    for (var attr in aex) { am.setAttribute(attr, aex[attr]); } h.appendChild(am); g[fsr] || (g[fsr] = function () { var aT = '__' + fsr + '_stk__'; g[aT] = g[aT] || []; g[aT].push(arguments); });
    })(window);
    // DO NOT MODIFY ABOVE THIS LINE *****************************************
</script> <script>
			tbHlp.endTimer("bodyProcessing");
		</script> <div class="hide"></div> <div id="privacy-policies-banner" class="privacy-policies-banner"> <div class="inner-wrapper"> <div class="privacy-copy"> We use cookies to ensure you get the best experience on our website. Learn more about <a href="https://www.walmart.ca/en/help/legal#Cookies">cookies</a>. </div> <button id="accept-privacy-policies" autofocus=""> Close </button> </div>
</div> <script>
		$(window).load(function(){
			try{_satellite.track('pageLoadComplete');}catch(e){console.error(e);}
		});
		</script> <script>window.TB_CDN_Config = window.TB_CDN_Config || {DomainList: ['ak-ca.wal.co', 'cf-ca.wal.co', 'ca.tb.wal.co', 'zy-ca.wal.co','fa-ca.wal.co'], DynamicDomainList: ['ak-ca-dyn.wal.co', 'ca-dyn.tb.wal.co', 'cf-ca-dyn.wal.co', 'zy-ca-dyn.wal.co','fa-ca-dyn.wal.co'], BeaconHost: 'beacon.walmart.ca'};</script><script async="async" defer="defer" src="//a14.wal.co/cdn-perf.min.js"></script><script>window._pxAppId = 'PXnp9B16Cq'</script><script async="async" defer="defer" src="/px/PXnp9B16Cq/init.js"></script><div id="lightbox-outer" style="display: block;"><div class="lightbox sliver-modal-template sliver-modal" role="dialog" aria-modal="true" style="display: inline-block; opacity: 1; top: 390px;"><div class="closeButton hide-always"><a href="javascript:void(0);" class="lightbox-close" aria-label="Close"><span></span><i class="gicon-cross"></i></a></div><div class="content">
	<div class="sliver-modal-container" aria-modal="true">
		<div class="flex-container">
			<div class="css-suayju e1647nq84">
				<div class="chevron"></div>
				<div class="sliver-content">
					<div class="my-store-decorator">
						<svg xmlns:xlink="http://www.w3.org/1999/xlink" width="48" height="48" viewBox="0 0 48 48" data-automation="my-store-icon">
							<defs>
								<path id="favouritestore_a" d="M24.02 13.738c-.539 0-.954-.3-.954-.641l-.54-6.028c0-.599.665-1.069 1.536-1.069.872 0 1.536.47 1.536 1.069l-.54 6.028c-.083.342-.498.64-1.037.64zm-3.196 1.881c-.249.47-.705.727-1.037.598l-5.355-2.565c-.498-.299-.581-1.154-.166-1.923.456-.77 1.204-1.112 1.702-.813l4.815 3.463c.29.257.29.77.041 1.24zm6.352 0c-.25-.47-.25-.983.041-1.24l4.815-3.463c.498-.299 1.287.043 1.702.813.415.77.332 1.624-.166 1.923l-5.355 2.565c-.332.129-.788-.128-1.037-.598zm-3.155 5.643c.54 0 .954.3 1.038.641l.54 6.028c0 .599-.665 1.069-1.537 1.069-.871 0-1.536-.47-1.536-1.069l.54-6.028c0-.342.415-.64.955-.64zm3.155-1.881c.249-.47.705-.727 1.037-.598l5.355 2.565c.498.299.581 1.154.166 1.923-.415.77-1.204 1.112-1.702.813l-4.815-3.463c-.29-.257-.29-.77-.041-1.24zm-6.352 0c.25.47.25.983-.041 1.24l-4.815 3.463c-.498.299-1.246-.043-1.702-.813-.415-.77-.332-1.624.166-1.923l5.355-2.565c.332-.129.788.128 1.037.598zM24 0C14.074 0 6 8.01 6 17.853c0 9.25 14.856 26.543 16.548 28.483L24 48l1.452-1.664C27.144 44.396 42 27.103 42 17.853 42 8.009 33.926 0 24 0">
								</path>
							</defs>
							<g fill="none" fill-rule="evenodd">
								<mask id="favouritestore_b" fill="#fff">
									<use xlink:href="#favouritestore_a"></use>
								</mask>
								<use fill="#000" xlink:href="#favouritestore_a"></use>
								<g fill="#333" mask="url(#favouritestore_b)">
									<path d="M0 0h48v48H0z"></path>
								</g>
							</g>
						</svg>
						My Store
					</div>
					<div>
						Update your store to view local pricing and availability. Then, choose your shipping method at checkout.
					</div>
				</div>
			</div>
			<div class="sliver-modal-close">
				<button color="transparent" aria-label="Close" class="sliver-close-button">
						<div>
							<svg viewBox="0 0 48 48" width="16" fill="dark-charcoal" height="16">
								<path d="M26.77 24L43.42 7.41a2 2 0 1 0-2.83-2.83L24 21.12 7.41 4.58a2 2 0 0 0-2.83 2.83L21.12 24 4.58 40.59a2 2 0 0 0 2.83 2.83L24 26.77l16.59 16.65a2 2 0 0 0 2.83-2.83z">
								</path>
							</svg>
						</div>
					</button>
			</div>
		</div>
</div></div></div></div><div class="lightbox-shadow" style="display: block; opacity: 0.75;"></div><div id="lightbox-outer"><div class="lightbox lightbox-with-close drop-down-button-lightbox" role="dialog" aria-modal="true"><div class="closeButton"><a href="javascript:void(0);" class="lightbox-close" aria-label="Close"><span></span><i class="gicon-cross"></i></a></div><div class="content"></div></div></div><div class="lightbox-shadow"></div><script>_satellite["_runScript2"](function(event, target, Promise) {
!function(e,t,a,o,n,i,l){e.fbq||(n=e.fbq=function(){n.callMethod?n.callMethod.apply(n,arguments):n.queue.push(arguments)},e._fbq||(e._fbq=n),(n.push=n).loaded=!0,n.version="2.0",n.queue=[],(i=t.createElement(a)).async=!0,i.src=o,(l=t.getElementsByTagName(a)[0]).parentNode.insertBefore(i,l))}(window,document,"script","//connect.facebook.net/en_US/fbevents.js");var thingToWaitFor="fbq to be a function";_satellite.logger.log("Waiting for "+thingToWaitFor,1);var startTime=(new Date).getTime(),now=startTime,intervalId=setInterval(function(){now=(new Date).getTime(),"function"==typeof fbq?(fbq("init","1694855677400737"),fbq("track","PageView"),_satellite.logger.log(thingToWaitFor+" bound",1),clearInterval(intervalId)):5e3<now-startTime&&(clearInterval(intervalId),_satellite.logger.log("No "+thingToWaitFor+" found, timed out",1))},250);"French"==_satellite.getVar("pageLanguage")?criteoAcct="21055":criteoAcct="20510";var path="//dynamic.criteo.com/js/ld/ld.js?a="+criteoAcct;$(document).ready(function(){$.getScript(path).done(function(){_satellite.logger.log("Java script "+path+" successfully executed")}).fail(function(){_satellite.logger.log("Java script "+path+" fail to load / execute")})});
});</script><script>_satellite["_runScript3"](function(event, target, Promise) {
window._comscore=window._comscore||[],window._comscore.push({c1:"2",c2:"7100745"}),function(){var c=document.createElement("script"),e=document.getElementsByTagName("script")[0];c.async=!0,c.src=("https:"==document.location.protocol?"https://sb":"http://b")+".scorecardresearch.com/beacon.js",e.parentNode.insertBefore(c,e)}();
});</script><script>
function gtag(){dataLayer.push(arguments)}var path="//www.googletagmanager.com/gtag/js?id=AW-981479961";$(document).ready(function(){$.getScript(path).done(function(){_satellite.logger.log("Java script "+path+" successfully executed")}).fail(function(){_satellite.logger.log("Java script "+path+" fail to load / execute")})}),"object"==typeof walmartRequireHelpers&&"function"==typeof walmartRequireHelpers.whenRequireDone&&(window.dataLayer=window.dataLayer||[],gtag("js",new Date),gtag("config","AW-981479961"),gtag("config","AW-853020527"),gtag("config","DC-6835277"),gtag("config","AW-1006251844"),gtag("config","DC-6222457"));
</script><script>_satellite["_runScript4"](function(event, target, Promise) {
!function(a,e,t,n,o){var c,r,d;a[o]=a[o]||[],c=function(){var e={ti:"6026829"};e.q=a[o],a[o]=new UET(e),a[o].push("pageLoad")},(r=e.createElement(t)).src=n,r.async=1,r.onload=r.onreadystatechange=function(){var e=this.readyState;e&&"loaded"!==e&&"complete"!==e||(c(),r.onload=r.onreadystatechange=null)},(d=e.getElementsByTagName(t)[0]).parentNode.insertBefore(r,d)}(window,document,"script","//bat.bing.com/bat.js","uetq");
});</script><script>_satellite["_runScript5"](function(event, target, Promise) {
!function(e){if(!window.pintrk){window.pintrk=function(){window.pintrk.queue.push(Array.prototype.slice.call(arguments))};var n=window.pintrk;n.queue=[],n.version="3.0";var t=document.createElement("script");t.async=!0,t.src=e;var r=document.getElementsByTagName("script")[0];r.parentNode.insertBefore(t,r)}}("https://s.pinimg.com/ct/core.js"),pintrk("load","2612608642336"),pintrk("page");
});</script><script>_satellite["_runScript6"](function(event, target, Promise) {
var axel=Math.random()+"",a=1e13*axel,begScript="https://d.agkn.com/pixel/9889/?che="+a+"&mcvid="+_satellite.getVar("Adobe Marketing Cloud Visitor ID");void 0!==_satellite.getVar("sku")&&(begScript+=";u5="+_satellite.getVar("sku"));var newFrame=document.createElement("img");newFrame.src=begScript,newFrame.width=newFrame.height="1px",newFrame.style.display="none",document.getElementsByTagName("body")[0].appendChild(newFrame);var secScript="https://www.facebook.com/tr?id=2403780589656404&ev=PageView&cd[order_id]="+_satellite.getVar("Adobe Marketing Cloud Visitor ID")+"&noscript=1",secFrame=document.createElement("img");secFrame.src=secScript,secFrame.width=secFrame.height="1px",secFrame.style.display="none",document.getElementsByTagName("body")[0].appendChild(secFrame);
});</script><img src="https://d.agkn.com/pixel/9889/?che=9843026476649.66&amp;mcvid=" height="0" width="0" style="display: none;"><img src="https://www.facebook.com/tr?id=2403780589656404&amp;ev=PageView&amp;cd[order_id]=&amp;noscript=1" height="0" width="0" style="display: none;"><script>_satellite["_runScript7"](function(event, target, Promise) {
!function(e,t,n){if(!e.snaptr){var a=e.snaptr=function(){a.handleRequest?a.handleRequest.apply(a,arguments):a.queue.push(arguments)};a.queue=[];var s="script";r=t.createElement(s),r.async=!0,r.src=n;var c=t.getElementsByTagName(s)[0];c.parentNode.insertBefore(r,c)}}(window,document,"https://sc-static.net/scevent.min.js"),snaptr("init","097dc97d-8c82-43e1-8345-bd71ce4d6718"),snaptr("track","PAGE_VIEW");
});</script><iframe sandbox="allow-scripts allow-same-origin" title="Adobe ID Syncing iFrame" id="destination_publishing_iframe_walmart-wmi_0" name="destination_publishing_iframe_walmart-wmi_0_name" src="https://walmart-wmi.demdex.net/dest5.html?d_nsid=0#https%3A%2F%2Fwww.walmart.ca" style="display: none; width: 0px; height: 0px;" class="aamIframeLoaded"></iframe><div id="lightbox-outer"><div class="lightbox lightbox-with-close add-to-next-error-lightbox" role="dialog" aria-modal="true"><div class="closeButton"><a href="javascript:void(0);" class="lightbox-close" aria-label="Close"><span></span><i class="gicon-cross"></i></a></div><div class="content"></div></div></div><div class="lightbox-shadow"></div><div id="lightbox-outer"><div class="lightbox lightbox-with-close addList-Lightbox" role="dialog" aria-modal="true"><div class="closeButton"><a href="javascript:void(0);" class="lightbox-close" aria-label="Close"><span></span><i class="gicon-cross"></i></a></div><div class="content"></div></div></div><div class="lightbox-shadow"></div><div id="lightbox-outer"><div class="lightbox catchment-Lightbox noMinHeight narrow" role="dialog" aria-modal="true"><div class="closeButton hide-always"><a href="javascript:void(0);" class="lightbox-close" aria-label="Close"><span></span><i class="gicon-cross"></i></a></div><div class="content">

	<div id="catchment-icon-wrap"><span id="catchment-icon"></span></div>

	<form action="" method="POST" novalidate="" data-scrollable="true" data-analytics-type="postcodeConfirm-form">
		<div class="title">Is this your postal code?</div>
		<div class="subtitle">We use your postal code to determine product availability and delivery estimates. Please enter your postal code if the one shown is incorrect.</div>
		<label>
			<input type="text" name="catchment-postal-code" spellcheck="false" aria-required="true" data-required="true" data-validate="postalCodeCa" data-error-required="Postal Code is a required field" data-error="Please enter a valid Postal Code" placeholder="Postal Code" aria-describedby="catchment-postal-code-error">
		</label>
		<div><button type="button" class="button-submit">Confirm postal code <span class="visually-hidden"></span></button></div>
	</form>
</div></div></div><div class="lightbox-shadow"></div><div id="lightbox-outer"><div class="lightbox lightbox-with-close email-signup-modal-template" role="dialog" aria-modal="true"><div class="closeButton"><a href="javascript:void(0);" class="lightbox-close" aria-label="Close"><span></span><i class="gicon-cross"></i></a></div><div class="content"></div></div></div><div class="lightbox-shadow"></div><div id="lightbox-outer"><div class="lightbox lightbox-with-close addCart-Lightbox" role="dialog" aria-modal="true"><div class="closeButton"><a href="javascript:void(0);" class="lightbox-close" aria-label="Close"><span></span><i class="gicon-cross"></i></a></div><div class="content"></div></div></div><div class="lightbox-shadow"></div><div id="lightbox-outer"><div class="lightbox lightbox-with-close add-to-next-success-lightbox" role="dialog" aria-modal="true"><div class="closeButton"><a href="javascript:void(0);" class="lightbox-close" aria-label="Close"><span></span><i class="gicon-cross"></i></a></div><div class="content"></div></div></div><div class="lightbox-shadow"></div><script>_satellite["_runScript8"](function(event, target, Promise) {
if("object"==typeof walmartRequireHelpers&&"function"==typeof walmartRequireHelpers.whenRequireDone){ga("set","dimension40","false");try{var gaOriginalHttpRefererCookie=RegExp("originalHttpReferer[^;]+").exec(document.cookie),gaOriginalHttpRefererValue=unescape(gaOriginalHttpRefererCookie?gaOriginalHttpRefererCookie.toString().replace(/^[^=]+./,""):"");gaOriginalHttpRefererValue&&0!=window.getVisitStart?ga("set","referrer",gaOriginalHttpRefererValue):0==window.getVisitStart&&"none"!=_satellite.getVar("referrerOverride")&&(ga("set","referrer",_satellite.getVar("referrerOverride")),_satellite.setVar("referrerOverride","none"))}catch(e){}try{_satellite.logger.log("Ready to set new custom dimension30 to GA client id: "+ga.getAll()[0].get("clientId"),1),ga("set","dimension30","test")}catch(err){console.log("**********************"),console.log("failed to set with error:"),console.log(err),console.log("**********************")}var visitorInst=Visitor.getInstance("C4C6370453309C960A490D44@AdobeOrg");visitorid=visitorInst.getMarketingCloudVisitorID();try{ga("set","dimension28",walmart.analytics.dataLayer.persistentID)}catch(err){_satellite.logger.log("Failed to set persistentID")}var ref=document.referrer;"undefined"!=typeof walmart&&"undefined"!=typeof walmart.analytics&&"undefined"!=typeof walmart.analytics.breadCrumbs&&("undefined"!=typeof walmart.analytics.breadCrumbs[0]&&ga("set","dimension1",decodeURIComponent(walmart.analytics.breadCrumbs[0]).replace(/\+/g," ")),"undefined"!=typeof walmart.analytics.breadCrumbs[1]&&ga("set","dimension2",decodeURIComponent(walmart.analytics.breadCrumbs[1]).replace(/\+/g," ")),"undefined"!=typeof walmart.analytics.breadCrumbs[2]&&ga("set","dimension3",decodeURIComponent(walmart.analytics.breadCrumbs[2]).replace(/\+/g," ")),"undefined"!=typeof walmart.analytics.breadCrumbs[3]&&ga("set","dimension4",decodeURIComponent(walmart.analytics.breadCrumbs[3]).replace(/\+/g," ")),"undefined"!=typeof walmart.analytics.breadCrumbs[4]&&ga("set","dimension5",decodeURIComponent(walmart.analytics.breadCrumbs[4]).replace(/\+/g," ")));try{walmart.context.userSegment&&ga("set","dimension17",walmart.context.userSegment)}catch(err){_satellite.logger.log("No userSegment found in dataLayer")}ref&&ga("set","dimension27",ref);var final_cmpid,final_utm_campaign,path=window.location.pathname,url=document.URL,cmpid_check=/[?&]CMPID=([^&]+)/i,MATCH=cmpid_check.exec(url);null!=MATCH&&(final_cmpid=MATCH[1]),ga("set","dimension24",final_cmpid),ga("set","dimension26",visitorid),_satellite.setVar("CMPID",final_cmpid);var final_utm_source,utm_campaign_check=/[?&]utm_campaign=([^&]+)/i,match=utm_campaign_check.exec(url);null!=match&&(final_utm_campaign=match[1]);var final_utm_medium,utm_source_check=/[?&]utm_source=([^&]+)/i,matchs=utm_source_check.exec(url);null!=matchs&&(final_utm_source=matchs[1]);var final_utm_term,utm_campaign_medium=/[?&]utm_medium=([^&]+)/i,matchm=utm_campaign_medium.exec(url);null!=matchm&&(final_utm_medium=matchm[1]);var utm_campaign_term=/[?&]utm_term=([^&]+)/i,matcht=utm_campaign_term.exec(url);if(null!=matcht&&(final_utm_term=matcht[1]),console.log("location.search.match: "+location.search.match),location.search.match("CMPID")||location.search.match("cmpid")){if(ga("set","campaignName",final_cmpid),location.search.match("utm_source"))ga("set","campaignSource",final_utm_source);else{var updateSource=document.referrer.split("?")[0];ga("set","campaignSource",updateSource)}if(location.search.match("utm_medium"))ga("set","campaignMedium",final_utm_medium);else{var str=final_cmpid,REG=new RegExp("([^-_]*-)?([^_]*)([^&]*)"),updateMedium=str.match(REG)[2];ga("set","campaignMedium",updateMedium)}}if(0|"/en/licensed-shop"==path)ga("set","dimension8",""),ga("send","pageview",{title:""+walmart.analytics.dataLayer.CatL2});else if(-1<path.indexOf("search")||-1<path.indexOf("cherche")){var deploymentType="search",formattedSearchTerm=walmart.analytics.dataLayer.search.term.replace(/&amp;amp;/g,"&").replace(/&amp;quot;/g,"").replace(/&amp;reg;/g,"").replace(/&amp;eacute;/g,"\xe9").replace(/&amp;egrave;/g,"\xe8").replace(/&amp;aacute;/g,"\xe1").replace(/&amp;agrave;/g,"\xe0").replace(/&amp;ccedil;/g,"\xe7").replace(/&amp;ocirc;/g,"\xf4").replace(/&amp;ecirc;/g,"\xea").replace(/&amp;acirc;/g,"\xe2").replace(/&amp;Eacute;/g,"\xc9").replace(/&amp;euml;/g,"\xeb");if(gaformattedSearchTerm=formattedSearchTerm.toLowerCase(),0<walmart.analytics.dataLayer.search.results){var gaRefinements=": ";if(0<walmart.analytics.dataLayer.search.results)for(var i=0;i<walmart.analytics.breadCrumbs.length;i++)gaRefinements+=walmart.analytics.breadCrumbs[i]+":";if(0<walmart.analytics.refinementsJson.length)for(i=0;i<walmart.analytics.refinementsJson.length;i++)"VisitorLanguage"!=walmart.analytics.refinementsJson[i].dimensionName&&"PageType"!=walmart.analytics.refinementsJson[i].dimensionName&&"Category"!=walmart.analytics.refinementsJson[i].dimensionName&&(gaRefinements+=walmart.analytics.refinementsJson[i].label+": ");searchGAPageTitle="Search: "+gaformattedSearchTerm+decodeURIComponent(gaRefinements.substring(0,gaRefinements.length-1)).replace(/\+/g," "),searchGAPageURL="/"+window.walmart.lang+"/search?sq="+gaformattedSearchTerm+"&cat="+encodeURIComponent(gaRefinements.substring(0,gaRefinements.length-1))}else searchGAPageTitle="Search: "+gaformattedSearchTerm+": 0 results",searchGAPageURL="/"+window.walmart.lang+"/search?sq="+gaformattedSearchTerm+"&cat=no-results";ga("set","dimension8","Search"),ga("set","dimension14",window.walmart.template),walmart.context.userSegment&&ga("set","dimension17",walmart.context.userSegment),ga("send","pageview",{page:searchGAPageURL,title:searchGAPageTitle})}else location.search.match("CMPID")?ga("send",{hitType:"pageview",title:_satellite.getVar("pageName"),dimension8:_satellite.getVar("pageType"),dimension24:_satellite.getVar("CMPID"),dimension26:visitorid}):ga("send",{hitType:"pageview",title:_satellite.getVar("pageName"),dimension8:_satellite.getVar("pageType"),dimension26:visitorid})}
});</script><script>_satellite["_runScript9"](function(event, target, Promise) {
if("object"==typeof walmartRequireHelpers&&"function"==typeof walmartRequireHelpers.whenRequireDone){var localStorageReferrer=localStorage.getItem("previousPage");localStorageReferrer==document.URL||localStorage.setItem("previousPage",document.URL)}
});</script><iframe id="google_osd_static_frame_3470879300283" name="google_osd_static_frame" style="display: none; width: 0px; height: 0px;"></iframe><div style="width:0px; height:0px; display:none; visibility:hidden;" id="batBeacon622183027766"><img style="width:0px; height:0px; display:none; visibility:hidden;" id="batBeacon616428093580" width="0" height="0" alt="" src="https://bat.bing.com/action/0?ti=6026829&amp;Ver=2&amp;mid=34a2f0e1-e110-46ff-b13d-4acb543e3264&amp;sid=7beec0802c5411eb83e8eb3027c03f81&amp;vid=7beef2a02c5411eb950d39a60c495123&amp;vids=1&amp;pi=1200101525&amp;lg=en-US&amp;sw=2560&amp;sh=1440&amp;sc=24&amp;tl=Shop%20Dairy%20%26%20Eggs%20Conveniently%20Online%20%7C%20Walmart%20Canada&amp;p=https%3A%2F%2Fwww.walmart.ca%2Fen%2Fgrocery%2Fdairy-eggs%2FN-3798&amp;r=https%3A%2F%2Fwww.walmart.ca%2Fen%2Fgrocery%2Fdairy-eggs%2FN-3798&amp;lt=1444&amp;evt=pageLoad&amp;msclkid=N&amp;sv=1&amp;rn=21005"></div><div id="criteo-tags-div" style="display: none;"><iframe src="https://gum.criteo.com/syncframe?topUrl=www.walmart.ca#{&quot;bundle&quot;:{&quot;origin&quot;:0,&quot;value&quot;:null},&quot;cw&quot;:true,&quot;lwid&quot;:{&quot;origin&quot;:0,&quot;value&quot;:null},&quot;optout&quot;:{&quot;origin&quot;:0,&quot;value&quot;:null},&quot;origin&quot;:&quot;onetag&quot;,&quot;pm&quot;:0,&quot;sid&quot;:{&quot;origin&quot;:0,&quot;value&quot;:null},&quot;tld&quot;:&quot;walmart.ca&quot;,&quot;topUrl&quot;:&quot;www.walmart.ca&quot;,&quot;uid&quot;:null,&quot;version&quot;:&quot;5_6_2&quot;}" id="criteo-syncframe" width="0" height="0" frameborder="0" style="border-width:0px; margin:0px; display:none" title="Criteo GUM iframe"></iframe><script async="true" type="text/javascript" src="https://sslwidget.criteo.com/event?a=20510&amp;v=5.6.2&amp;p0=e%3Dexd%26site_type%3Dd%26rvi%3Df712f8d9-c973-4998-d792-f85297bafe9b%26ci%3D&amp;p1=e%3Dvl%26p%3D%255B19177%252C6000201423066%252C6000201233923%252C6000195508948%252C6000199838553%252C6000001843812%252C6000001843797%252C6000075688886%252C6000100601594%252C6000056691102%252C6000100070546%252C6000001848205%252C6000201734274%252C6000201734398%252C6000001850463%252C6000069571541%252C6000016935598%252C6000201234475%252C6000001848204%252C6000001849020%252C6000091056750%252C6000023483943%252C6000001848203%252C6000198861640%252C6000075688975%252C6000161803982%252C6000001843486%252C6000066827536%252C6000023804492%252C6000001843132%252C6000079800063%252C6000074943667%252C6000196397989%252C6000023803917%252C6000198628470%252C6000201734277%252C6000201085803%252C6000075688855%252C6000001843865%252C6000001843483%252C6000074943776%252C6000079800122%252C6000137479821%252C6000191275454%252C6000196210378%252C6000196823232%252C6000077654180%252C6000194056994%252C6000001843796%252C6000016937326%252C6000075688907%252C6000091056539%252C6000196823899%252C6000194034104%252C6000056691117%252C6000001843135%252C6000201080227%252C6000196397985%252C6000201734271%252C6000201080299%255D%26ca%3DN-3798%26pnb%3D1%26pi%3DviewMerchandising_Grocery%26f%3D%255B%255D&amp;p2=e%3Ddis&amp;adce=1&amp;tld=walmart.ca&amp;dtycbr=47848&amp;abe=0"></script></div><script>_satellite["_runScript10"](function(event, target, Promise) {
var queryString=window.location.search;try{if(-1==queryString.indexOf("excludeCriteo")){var items=[];for(walmart.analytics.dataLayer.product.shelf?productCount=walmart.analytics.dataLayer.product.shelf.length:productCount=0,x=0;x<productCount;x++)items.push(walmart.analytics.dataLayer.product.shelf[x].productNumber);for(filters=[],selectedArray=document.querySelectorAll("input[type='checkbox'][checked]"),x=0;x<selectedArray.length;x++)filters.push({name:selectedArray[x].id.split("-")[1],operator:"eq",value:selectedArray[x].name});var page_id="";if("Desktop"==_satellite.getVar("orientation")?pageIdEnd="":pageIdEnd="_Mobile","grocery"==_satellite.cookie.get("headerType"))switch(_satellite.getVar("categoryLevel")){case"L1":page_id="viewMerchandising_GroceryHome";break;case"L2":page_id="viewMerchandising_Grocery";break;case"L3":case"L4":case"L5":page_id="viewCategory_Grocery"}else switch(_satellite.getVar("categoryLevel")){case"L1":page_id="viewMerchandising";break;case"L2":case"L3":case"L4":case"L5":page_id="viewCategory"}page_id+=pageIdEnd;var criteoID="20510";"fr"==window.walmart.lang&&(criteoID="21055"),window.criteo_q=window.criteo_q||[],window.criteo_q.push({event:"setAccount",account:criteoID},{event:"setSiteType",type:"d"},{event:"setRetailerVisitorId",id:_satellite.cookie.get("walmart.id")},{event:"setCustomerId",id:_satellite.getVar("gaDynamicUserIDCookieValue")},{event:"viewCategory",item:items,category:"N-"+_satellite.getVar("refinement_Code").split("+")[0],page_number:_satellite.getVar("browseSearchPageNumber"),page_id:page_id,filters:filters})}}catch(err){_satellite.logger.log("Criteo pixel shelf parse threw an error aborting transmission")}
});</script><iframe height="0" width="0" style="display: none; visibility: hidden;" src="https://6835277.fls.doubleclick.net/activityi;src=6835277;type=remar;cat=remar0;ord=5282275450202;gtm=2odb41;auiddc=289438577.1606002694;u5=;u7=Grocery;u8=Dairy%20%26%20Eggs;u9=;u10=;~oref=https%3A%2F%2Fwww.walmart.ca%2Fen%2Fgrocery%2Fdairy-eggs%2FN-3798?"></iframe><script>_satellite["_runScript11"](function(event, target, Promise) {
var prodIds=[];if(walmart.analytics.dataLayer.product.shelf)for(x=0;x<3&&x<walmart.analytics.dataLayer.product.shelf.length;x++)prodIds.push(walmart.analytics.dataLayer.product.shelf[x].productNumber);else if(0<document.querySelectorAll("[data-rollup-id]").length)for(items=document.querySelectorAll("[data-rollup-id]"),x=0;x<3&&x<items.length;x++)prodIds.push(items[x].getAttribute("data-rollup-id"));else prodIds="";gtag("event","page_view",{send_to:["AW-981479961/PZGGCMf1yAcQmeSA1AM"],account_type:"basic",remarketing_only:"!0",ecomm_prodid:prodIds,ecomm_pagetype:"category",ecomm_totalvalue:"",ecomm_category:decodeURIComponent(walmart.analytics.breadCrumbs[0])}),gtag("event","page_view",{send_to:["AW-981479961"],ecomm_prodid:prodIds,ecomm_pagetype:"category"}),gtag("event","page_view",{allow_custom_scripts:!0,send_to:"DC-6835277/remar/remar0+Standard",u5:"",u7:_satellite.getVar("channel"),u8:_satellite.getVar("categoryL2"),u9:_satellite.getVar("categoryL3"),u10:_satellite.getVar("categoryL4"),dc_lat:"",dc_rdid:"",tag_for_child_directed_treatment:"0"});
});</script></body></html>